1439 2342
489 59 562 86 Libri
582 59 602 86 1.
645 60 709 96 cap.
732 61 756 87 x
778 60 845 95 (xi).
1198 59 1243 92 61

88 168 120 200 in
145 168 299 210 principio
323 168 454 208 Tmoli-3
484 168 684 210 Euripidem,
715 169 746 200 in
769 169 887 200 Troad.
911 180 940 200 v.
966 168 1030 202 509
1060 173 1093 200 et
1123 169 1154 200 in
1177 171 1244 201 An-

80 224 262 260 .dromache
283 236 311 255 v.
340 224 412 257 100.
451 224 601 256 Ceterum
627 224 754 256 Solonis
778 225 936 256 sententia
959 225 1090 266 gradum
1116 226 1245 265 indicat,

89 280 129 311 ad
153 291 246 321 quem
271 291 394 311 morum
424 284 456 310 et
478 279 705 321 intelligentiae
729 280 850 312 cultura
883 281 1030 322 vitaeque
1057 292 1133 313 usus
1163 283 1246 324 apud

90 335 231 367 Graecos
266 345 305 366 eo
334 340 478 376 tempore
512 336 718 376 processerit3
755 337 793 367 cf.
824 337 946 378 Hegelii
984 338 1158 369 Geschichte
1192 339 1246 369 der

88 391 198 422 Philas.
223 390 262 422 T.
280 390 302 429 Ι,
327 401 358 432 p.
385 390 543 423 185-186.
581 391 739 432 Principia
762 403 896 430 morum,
921 393 1062 424 veritatis
1087 398 1119 424 et
1141 404 1245 425 rerum

88 446 283 488 publicarum
315 447 634 478 administrandarum
666 447 807 478 nondum
832 459 870 478 ex
892 448 1003 478 intima
1026 448 1246 490 philosophiae

89 502 284 544 cognitione,
311 514 390 544 quae
416 508 464 534 est
488 503 727 541 universalium,
758 503 992 535 hauriebantur.
1040 504 1104 535 Sed
1128 516 1145 535 e
1169 516 1245 546 pro-

87 557 203 590 verbiis
234 559 344 600 populi
368 559 596 600 sententiisque
627 565 751 600 septem
775 560 965 600 sapientium
991 561 1058 601 jam
1083 561 1245 592 universa-

87 614 128 646 lia
159 615 313 656 quaedam
345 615 542 646 emicuerunt
575 621 761 657 praecepta,
801 627 860 646 nee
888 616 971 647 vitae
1003 617 1245 648 necessitatibus

89 669 222 712 subjecti
252 671 381 712 singulis
413 672 508 702 modo
532 672 747 712 voluptatibus
779 672 918 702 fruendis
949 682 982 703 se
1007 672 1166 703 dedebant
1187 673 1245 703 ho-

88 726 201 758 mines.
244 727 318 758 Quo
342 727 459 758 factum
483 732 542 764 est,
566 733 602 758 ut
629 738 645 758 e
667 732 791 768 septem
815 727 1005 767 sapientium
1029 732 1133 759 aetate
1158 729 1247 770 quasi

89 783 306 823 praecursoria
329 783 435 813 statim
459 783 643 823 provenerit
665 783 884 824 philosophia3
910 782 983 823 quin
1007 783 1112 824 ipsum
1130 784 1245 814 transi-

90 844 158 869 tum
182 843 276 879 atque
300 839 380 869 adeo
404 838 661 880 conjunctionem
689 839 721 869 in
746 839 847 870 Thale
871 839 998 870 Milesio
1023 839 1246 881 conspicimus,

179 894 206 935 ᾧ.
231 894 261 925 2.
306 887 422 934 ἄτοπον)
448 895 649 926 Nostratium
673 895 765 936 longe
789 894 932 935 plurimis
957 895 1057 926 multo
1083 895 1247 927 absurdior

90 949 261 988 videbitur,
293 950 320 980 si
343 951 395 992 qui
418 956 491 981 ante
516 955 651 981 mortem
675 950 872 981 beatitudine
897 962 930 982 se
954 951 1013 981 frui
1037 952 1246 983 contenderit.

90 1006 155 1037 Sed
179 1006 352 1037 secundum
375 1007 591 1044 Aristotelem,
617 1018 688 1037 cum
713 1007 844 1037 felicitas
870 1007 910 1037 sit
935 1007 1078 1047 operatio
1103 1013 1135 1038 et
1158 1019 1247 1039 exer-

90 1062 214 1100 citatio,
245 1073 324 1103 quae
348 1062 409 1093 nisi
436 1062 467 1092 in
490 1062 554 1093 vita
584 1073 654 1093 esse
683 1073 747 1093 non
773 1068 923 1103 possunt,
956 1063 1020 1093 vita
1044 1068 1093 1094 est
1120 1068 1247 1104 tempus

89 1118 262 1156 felicitatis3
292 1128 426 1159 cumque
449 1118 580 1148 felicitas
606 1129 670 1148 non
695 1119 736 1149 sit
759 1129 883 1149 summa
908 1125 1150 1157 connumerata,
1181 1131 1247 1149 non

90 1174 188 1206 abibit
203 1174 235 1204 in
250 1173 425 1204 infinitum:
450 1178 482 1204 et
504 1174 641 1204 maxima
656 1173 806 1214 gaudebit
827 1174 985 1211 felicitate,
1010 1174 1062 1215 qui
1078 1185 1135 1215 per
1149 1175 1247 1206 vitam

90 1240 128 1262 ea
157 1230 286 1260 fruetur.
338 1229 427 1260 Dicit
455 1230 643 1260 Aristoteles
678 1230 749 1260 loco
778 1230 903 1270 saepius
929 1231 996 1271 jam
1028 1230 1124 1260 citato
1157 1231 1246 1271 (Me-

90 1285 178 1327 taph.
199 1285 273 1323 XII,
306 1285 355 1325 7):
388 1282 513 1326 διαγωγὴ
539 1281 568 1316 δ’
592 1282 667 1316 ἐστὶν
691 1283 736 1316 εἷα
760 1281 777 1326 ἡ
799 1282 904 1326 eipso-rr)
928 1282 1026 1326 μικρὸν
1048 1283 1150 1325 χσένον
1174 1283 1247 1327 ἡμῖν.

92 1337 164 1372 οὕτω
187 1338 242 1382 γεῖρ
268 1338 309 1372 ἀεὶ
339 1341 422 1372 ἐκεῖνο
448 1338 498 1381 (τὸ
522 1341 616 1381 θεῖον)
643 1340 728 1372 ἐστίν·
759 1337 821 1382 ἡμῦκ
844 1340 892 1382 μὲν
914 1338 969 1381 γεῖρ
996 1338 1141 1373 ἀδύνατον.
1188 1342 1247 1373 Ni-

89 1397 259 1428 hilominus
294 1402 422 1428 aeterna
455 1397 548 1428 nobis
583 1397 738 1438 contingit
771 1396 956 1435 beatitud03
995 1408 1069 1428 nam
1103 1394 1137 1428 τὸ
1171 1400 1248 1430 θεῖεν

90 1454 262 1486 essentiam
286 1458 429 1484 nostram
454 1454 593 1484 efficiens
617 1458 650 1484 et
672 1453 703 1483 in
728 1452 820 1483 nobis
844 1452 1040 1490 inhabitans,
1073 1453 1176 1494 ipsum
1200 1459 1250 1484 est

91 1514 269 1547 aeternum,
294 1510 379 1551 quod
403 1509 597 1550 singulorum
621 1514 723 1540 morte
748 1519 812 1539 non
837 1508 1053 1548 exstinguitur.

182 1566 210 1606 ᾧ.
236 1565 265 1597 3.
303 1563 337 1603 ὦς
361 1562 439 1603 ἐκτὸς
462 1557 528 1606 ἤδη)
552 1565 626 1596 Jam
651 1575 731 1606 quae
756 1564 803 1604 ξξ.
827 1563 896 1596 3-5.
922 1568 1144 1604 proponuntur
1167 1564 1247 1595 diffi-

93 1621 238 1658 cultates,
265 1621 410 1662 sequenti
434 1621 560 1651 demum
587 1621 690 1662 capite
715 1620 897 1658 solvuntur;
923 1631 1017 1661 quare
1043 1631 1113 1651 cum
1136 1626 1247 1651 nostro

92 1677 195 1718 capite
225 1681 320 1717 caput
350 1687 485 1717 sequens
516 1676 659 1707 nonnulli
689 1677 930 1717 conjunxerunt.
961 1694 1004 1698 ——
1039 1672 1078 1717 μὴ
1110 1675 1249 1708 αἰσθανο-

92 1732 174 1774 μένῳ)
199 1733 249 1763 Ex
273 1732 454 1763 Aristotelis
479 1732 638 1763 sententia
664 1743 777 1763 sensus
802 1736 834 1763 et
857 1742 936 1773 quae
961 1732 1000 1762 ad
1024 1742 1152 1763 sensum
1176 1743 1248 1773 per-

92 1789 195 1820 tinent
218 1792 320 1819 morte
343 1788 518 1826 intereunt;
544 1788 600 1819 sed
621 1799 715 1829 quum
739 1788 811 1819 vivo
835 1788 952 1818 malum
976 1792 1008 1818 et
1031 1787 1150 1818 bonum
1175 1799 1248 1819 eve-

91 1845 159 1875 nire
187 1843 306 1885 possit,
339 1843 424 1885 quod
453 1855 519 1875 non
543 1844 584 1874 sit
613 1844 644 1874 in
674 1855 786 1881 sensu,
817 1848 853 1874 ut
882 1843 1020 1874 honores
1051 1849 1083 1875 et
1111 1844 1248 1882 infamia,

92 1905 202 1941 potest
231 1905 264 1930 et
285 1905 423 1931 mortuo.
469 1900 658 1931 Aristoteles
689 1901 735 1940 (ut
759 1899 894 1931 Gai-vius
923 1903 1009 1931 recte
1031 1899 1120 1939 vidit)
1149 1900 1249 1930 fortu-

93 1967 168 1987 nam
192 1955 364 1986 secundam
389 1960 422 1986 et
445 1955 608 1986 adversam
631 1955 802 1993 amicorum
826 1961 858 1987 et
872 1955 1054 1993 liberorum,
1078 1966 1158 1997 quae
1174 1960 1250 1996 post

94 2016 230 2042 mortem
250 2011 378 2052 alicujus
396 2011 531 2049 eveniat,
550 2011 594 2042 ita
607 2011 734 2043 demum
751 2012 790 2042 ad
807 2012 912 2052 ipsum
928 2012 1087 2052 pertinere
1104 2016 1205 2052 putat,
1223 2012 1250 2043 si

89 2068 156 2109 jam
173 2067 264 2098 vivus
284 2078 340 2108 spe
365 2071 397 2098 et
416 2072 503 2098 metu
516 2079 622 2099 earum
644 2079 747 2099 rerum
764 2067 971 2105 afficiebatur;
997 2067 1250 2099 recordationem

95 2124 190 2162 enim,
204 2128 239 2154 ut
254 2133 394 2162 sensum,
412 2129 514 2155 morte
528 2124 640 2165 perire,
655 2124 724 2165 ipse
737 2124 925 2155 Aristoteles
942 2123 1070 2155 inlibris
1083 2124 1133 2155 De
1147 2124 1251 2155 anima
