1439 2342
483 79 560 107 Libri
574 79 620 108 vi.
663 79 730 116 cap.
751 78 825 108 xm.
1176 77 1250 114 219

61 198 67 207 ’
92 186 212 219 tionem
235 187 427 229 comprobo,
459 188 511 230 qui
541 188 710 230 negatione
734 189 830 220 etiam
852 188 970 220 omissa
993 185 1094 228 ὃεινοῦς
1118 185 1166 221 καὶ
1189 201 1250 222 πα-

91 239 219 284 νούργους
257 248 408 285 tanquam
455 243 607 276 attributa
642 246 681 277 ad
720 242 784 284 τούς
820 245 970 288 φρονίμους
1008 246 1120 284 refert,
1162 246 1251 288 quasi

91 296 226 341 φρόνησις
255 310 352 332 sensu
381 301 554 342 improprio
585 301 679 333 etiam
711 302 750 334 de
780 303 951 334 calliditate
981 307 1013 334 et
1042 302 1181 334 versutia
1211 303 1251 334 ad

91 356 207 388 malum
231 355 327 388 finem
351 357 584 399 assequendum
610 358 740 391 dicatur.
787 359 965 390 Nobiscum
989 359 1107 391 faciunt
1129 359 1251 401 Gipha-

89 413 172 451 nius,
195 413 370 444 Lambinus
400 414 524 456 aliique.
572 414 737 446 Omittunt
761 426 886 457 quoque
911 412 942 446 οὐ
966 416 1046 454 Ven,
1075 415 1251 457 Paraphra-

90 473 172 506 stes,
212 469 325 511 quibus
353 470 420 512 jam
450 481 534 502 nunc
562 470 727 502 Bekkerus
759 482 831 503 cum
862 472 928 502 suis
960 471 1122 504 codicibus
1152 472 1252 503 adsti-

90 525 225 567 pulatur.

178 582 205 624 §.
240 581 290 614 10.
337 578 355 623 ἧ
391 579 520 625 δύναμις)
562 579 580 625 ἦ
609 580 730 626 δεινότης
766 584 829 622 Η”,
862 582 932 622 Mb,
967 581 1033 622 Νὴ,
1069 584 1252 624 Bekkerus;

90 637 146 669 sed
187 648 252 669 non
294 638 372 670 vidit
409 639 456 670 vir
498 640 628 678 doctus,
672 651 742 671 esse
784 641 942 682 glossema
985 652 1003 673 e
1044 641 1254 682 Paraphraste

90 701 247 733 sumtum,
285 695 338 736 qui
368 700 536 738 utrumque
564 696 753 728 vocabulum
789 697 954 738 expressit.
1003 697 1057 729 Sic
1087 703 1120 728 et
1152 698 1254 730 Scho-

91 751 199 784 liastes
222 752 324 784 Paris.
361 752 446 793 apud
470 753 604 784 Zellium
636 753 675 784 ad
711 750 825 795 ὁύναμις
860 753 1009 785 adscribit
1043 751 1174 794 δεινότης.
1214 772 1252 777 »-

90 822 108 850 η
131 809 158 840 ὁ,
191 807 261 850 ἕξις)
312 808 510 841 Eustratius:
562 823 578 850 η
615 806 668 850 ἕξις
706 806 722 851 ἧ
764 810 903 851 ἐεπιγινομ
898 808 936 851 ’νη
975 823 1009 853 τῃ
1047 811 1200 851 οεινοτητι,
1237 802 1255 850 ἦ

90 865 164 897 ἔστιν
188 878 206 907 η
230 863 374 907 φρόνησις,
399 878 501 906 γινετειι
525 865 568 907 τῷ
593 878 700 907 σμματι
724 878 755 897 τε
759 879 817 907 wag
842 879 891 907 της
908 865 1018 906 ψυχῆς.
1050 865 1121 906 ποίῳ
1145 863 1255 907 τούτῳς

90 935 171 964 ηγουν
195 922 236 964 τῷ
257 935 352 964 ειρημε
355 936 400 964 vop,
425 935 439 953 o
465 922 538 955 ἐστιν
563 925 577 953 ὸ
603 919 759 962 πρακτικός
783 935 850 960 reug.
877 940 916 944 —
949 920 1070 963 εῗεηται)
1098 923 1146 955 Cf.
1170 933 1255 964 supr.

90 990 117 1010 c.
136 979 188 1018 11,
211 979 239 1020 ξ.
257 979 289 1011 6.
318 999 353 1005 -
405 977 515 1019 ἔχοντές
538 978 617 1019 sun-w)
654 979 800 1021 Plerique
823 989 882 1019 pro
908 976 1032 1019 ἔχουσιν.
1078 979 1254 1020 Paraphra-

90 1041 172 1067 stes:
205 1036 231 1067 οἳ
253 1033 309 1076 'peip
334 1033 525 1077 συλλογισμοὶ
550 1035 603 1067 τῶν
627 1035 770 1075 πρακτῶν,
800 1028 846 1074 εῧς
870 1032 1001 1076 δηλονότι
1026 1032 1255 1077 συλλογιζόμενοι

92 1089 269 1134 πράττομεν,
306 1089 402 1133 ἅρχοὶς
439 1090 539 1132 ἔχουσι
578 1090 614 1123 τσῖ
646 1092 714 1134 τέλη
744 1091 797 1124 τῶν
828 1089 966 1132 πράξεων.
1015 1093 1110 1124 Verte
1144 1092 1254 1133 igitur:

89 1150 204 1181 Rerum
241 1150 425 1190 offendar-um
460 1151 705 1181 ratiocinationes
740 1150 848 1180 habent
879 1150 1022 1187 ejusmodi
1051 1150 1239 1189 principium
1245 1166 1255 1189 ;

88 1206 155 1237 vel:
193 1207 367 1248 Sylloyismi
390 1207 528 1238 habentes
548 1208 736 1247 principium
759 1216 862 1236 rerum
886 1206 1073 1246 aqendarum
1095 1209 1166 1236 sunt
1178 1206 1255 1246 ejus-

87 1263 182 1299 modi;
206 1262 410 1305 sequiturque
434 1273 482 1295 ex.
507 1273 552 1304 gr.
577 1260 678 1303 (λόγου
702 1260 800 1303 χάριν)
826 1262 1005 1303 propositio
1029 1261 1132 1292 minor
1157 1262 1254 1304 syllo-

88 1319 196 1361 gismi:
234 1316 330 1360 ἐπειδὴ
361 1316 467 1350 τοιόνδε
496 1332 524 1350 κ.
556 1332 583 1350 τ.
615 1323 643 1351 λ.
696 1319 784 1350 Haec
812 1318 845 1349 in
876 1318 1056 1359 exemplum
1089 1317 1255 1360 subjuncta

89 1386 160 1407 esse
182 1375 261 1407 vidit
278 1376 344 1417 jam
371 1375 518 1413 Garvius,
542 1375 695 1406 Eustratii
719 1375 939 1407 auctoritatem
964 1379 1103 1406 secutus.
1151 1375 1255 1416 Syllo-

89 1432 207 1474 gismos
239 1437 344 1464 autem
379 1431 567 1473 prudentiae
598 1431 666 1463 sine
696 1432 812 1463 virtute
842 1431 954 1463 confici
979 1441 1042 1462 non
1067 1441 1181 1472 posse,
1212 1431 1256 1462 ita

89 1489 229 1519 ostendit
252 1488 481 1529 Philosophus,
506 1493 541 1519 ut
565 1488 664 1527 dicat,
689 1488 843 1529 principia
868 1487 1147 1529 syllogismorum,
1171 1487 1256 1519 hunc

89 1545 215 1577 illumve
240 1544 360 1576 bonum
384 1545 480 1576 finem
503 1545 725 1586 proponentia,
750 1544 835 1575 bono
859 1548 982 1574 tantum
1007 1543 1074 1574 viro
1092 1553 1255 1584 apparere.

90 1601 264 1634 Lambinus
300 1611 465 1642 perperam
503 1600 560 1632 εἰσί
598 1601 637 1632 de
679 1611 752 1631 vera
788 1599 956 1631 existentia
990 1599 1149 1641 accipiens
1185 1612 1255 1632 cum

90 1658 294 1701 sequentibus
324 1657 503 1700 conjungit:
551 1658 597 1689 Eo
627 1661 696 1689 sunt
720 1667 808 1698 eoque
836 1658 950 1695 valent,
980 1657 1060 1697 quod
1077 1659 1156 1698 finis
1187 1658 1257 1688 talis

90 1719 142 1747 eet.
190 1715 272 1748 Cum
306 1714 336 1745 in
372 1714 467 1746 rebus
501 1714 630 1754 agendis
666 1713 844 1755 propositio
880 1713 983 1744 minor
1018 1713 1178 1754 praecipui
1216 1713 1258 1744 sit

91 1772 262 1810 momenti,
298 1771 403 1813 possis
434 1771 546 1808 etiam,
582 1770 725 1812 quamvis
756 1770 850 1811 paulo
881 1769 1076 1808 contortius,
1111 1775 1255 1801 vertere:

90 1829 264 1870 Sylloyismz'
285 1839 390 1860 rerum
413 1828 597 1869 agendarum
621 1831 667 1859 εἰσ
690 1828 849 1868 zncz'piunt.

180 1884 282 1916 CAP.
308 1884 402 1915 xm.
451 1884 533 1916 Cum
557 1884 666 1915 ultima
689 1883 781 1925 hujus
806 1883 918 1925 capitis
943 1882 971 1924 ᾗ.
996 1882 1121 1914 tertiam
1142 1893 1250 1916 earum

90 1941 323 1974 dubitationum
347 1941 454 1979 tollat,
479 1952 559 1983 quae
583 1940 673 1971 initio
697 1940 809 1982 capitis
841 1939 1020 1971 duodecimi
1045 1944 1152 1970 motae
1185 1940 1249 1970 sint

92 1999 142 2040 (ξ.
172 1997 272 2037 1-3),
304 2002 337 2029 et
360 1997 499 2039 §.1-7.
531 1998 631 2028 nostri
655 1997 766 2038 capitis
791 1996 986 2028 continuatio
1017 2006 1125 2027 eorum
1151 1995 1252 2027 videri

91 2055 228 2097 possint,
252 2065 333 2097 quae
355 2054 386 2085 in
403 2054 464 2086 fine
482 2054 594 2096 capitis
611 2053 789 2085 duodecimi
813 2053 856 2094 (ξ.
876 2052 967 2091 7-10)
993 2052 1154 2094 disputata
1183 2058 1258 2084 sunt

93 2112 131 2143 ad
151 2111 324 2144 secundam
348 2111 577 2143 dubitationem
601 2110 817 2142 eximendam:
850 2109 992 2141 nonnulli
1020 2109 1083 2141 hoe
1108 2114 1253 2141 nostrum

92 2174 188 2211 caput
211 2179 283 2200 cum
306 2168 509 2210 praecedenti
531 2167 646 2200 rectius
669 2167 800 2200 forsitan
825 2167 1066 2209 conjunxerunt.
