1439 2342
133 38 208 77 248
408 33 590 65 Comma-ntur.
613 36 646 63 ad
668 36 778 64 Aristot.
798 34 885 63 Ethic.
907 34 1011 63 Nicon-1.

133 163 168 185 se
184 163 248 184 non
266 148 438 189 intelligere
455 146 631 189 profitetur,
653 145 769 187 quippe
786 143 837 187 qui
853 148 954 186 putet,
969 143 1171 178 Aristotelem
1187 145 1290 178 adhuc

134 209 174 240 de
187 207 337 249 opinione
353 214 461 236 eorum
475 202 570 244 loqui,
588 201 640 243 qui
654 201 849 243 voluptatem
867 211 1026 233 summum
1038 200 1158 234 bonum
1170 206 1202 234 et
1218 213 1287 234 om·
1333 199 1338 206 “

133 264 208 296 nino
226 262 344 294 bonum
363 270 432 292 esse
449 263 576 299 negent,
594 268 667 289 cum
685 268 741 298 pro
759 257 962 299 generatione
977 257 1124 290 habeant.
1150 258 1213 290 Sed
1223 258 1289 300 jam

132 320 210 351 alios
219 319 337 351 Noster
350 315 459 357 tangit,
475 314 525 355 qui
543 313 736 354 voluptatem
749 314 985 355 generationem
999 314 1070 346 ideo
1083 325 1153 346 esse
1166 319 1289 356 putant,

133 375 216 417 quod
226 374 266 405 sit
279 372 404 414 proprie
420 371 549 408 bonum,
563 369 689 411 proprie
699 375 803 401 autem
813 370 931 402 bonum
941 370 1158 412 operationem
1173 376 1205 403 et
1211 382 1290 413 ope-

132 431 286 463 rationem
299 428 535 474 generationem
554 437 634 458 esse.
660 426 787 458 Resutat
802 431 908 458 tamen
922 426 1003 458 hanc
1016 429 1206 460 sententiam
1218 426 1290 460 Ari-

133 487 277 524 stoteles,
296 485 404 517 dicens
427 483 643 525 operationem
667 493 738 515 esse
759 483 841 514 aliud
858 483 942 525 quid.
968 482 1097 515 Scilicet
1108 483 1290 516 exercitatio

132 542 288 575 felicitatis
314 541 388 572 nibil
413 546 464 572 est
480 539 653 581 imperfecti
677 535 827 578 (ἀτελές),
852 545 887 570 ut
910 540 1082 581 generatio,
1107 539 1164 572 sed
1188 540 1290 582 perfe-

133 604 219 631 ctum
240 598 390 640 quiddam
415 596 560 635 (τέλειον),
585 606 655 627 cum
671 594 766 627 finem
789 594 898 634 (τέλος)
922 596 952 627 in
978 607 1013 629 se
1036 596 1104 638 ipsa
1120 596 1290 628 contineat.

224 655 251 695 ξ.
277 655 308 687 4.
333 649 367 684 τὲ
392 648 461 683 mir&
486 650 554 689 καί)
580 662 623 683 sc.
642 648 673 682 τὸ
689 646 791 691 ὑγιεινοὶ
808 651 877 684 εἶναι
894 651 1004 692 φαῦλα.
1050 653 1193 694 Nempe:
1218 653 1292 684 Item

132 714 177 742 est
198 721 234 742 ac
259 708 350 749 (καί)
375 708 400 739 si
431 707 517 739 dicas
549 706 685 738 salubria
713 718 784 740 esse
815 719 922 750 prava,
948 711 1019 750 quia
1042 703 1128 748 (gu)
1152 709 1292 740 nonnulla

133 768 268 798 salubria
292 768 353 797 sint
374 766 416 796 ad
438 766 598 806 pecuniam
626 765 826 805 quaerendam
855 766 984 797 inutilia.
1018 784 1053 790 —-
1088 761 1202 808 ταύτῃ)
1228 765 1291 796 Re-

133 828 246 865 spectu
271 822 348 853 alius
373 821 417 853 rei
441 820 583 861 (morbi,
615 821 787 862 quaestus)
814 821 954 863 jucunda
978 825 1032 854 aut
1054 820 1190 854 salubria
1219 825 1294 853 sunt

132 890 239 921 prava,
265 878 322 910 sed
347 889 410 909 non
437 876 619 918 simpliciter
647 887 742 918 prava
771 883 902 919 propter
930 878 990 910 hoc
1014 877 1119 919 ipsum
1142 874 1240 917 (κατά
1261 890 1293 919 γε

132 934 247 974 τοῦτο),
272 934 291 965 i.
317 945 344 965 e.
371 932 442 975 quia
460 933 601 974 jucunda
626 938 680 964 aut
703 933 848 965 salubria.
896 935 1003 977 ltaque
1027 934 1066 966 ad
1083 934 1168 976 prius
1193 932 1292 974 φαῦλα

133 991 282 1033 suppleas
308 987 383 1022 κατ-ἂ,
414 986 609 1032 συμβεβηκές,
641 990 679 1021 ad
709 990 869 1055 posterius
901 986 1011 1029 ἆπλῶς.
1045 1009 1084 1015 -
1118 986 1151 1021 ‘td
1178 991 1294 1030 θεωρεῖν

133 1060 202 1079 ποτε
228 1044 373 1085 βλαπτει)
411 1044 591 1087 Aspasius:
628 1059 650 1076 ει
680 1043 735 1087 γάρ
768 1059 808 1085 τις
833 1042 989 1088 ἆρρωστων
1013 1048 1122 1087 θεωρεῖ
1138 1059 1202 1088 ητοι
1223 1042 1294 1077 ἅνα-

132 1117 260 1145 γινωσκει
283 1116 331 1134 και
356 1115 395 1133 ιεε
399 1104 421 1133 ΐν
446 1102 590 1142 ἐπιχειρει
616 1100 792 1144 θεωρήματα
822 1099 940 1167 nep-qm),
972 1102 1155 1145 ἐμποδίζεται
1185 1100 1294 1144 μᾶλλον

132 1157 203 1200 πρὸς
228 1173 259 1191 το
283 1171 404 1199 υγιαναι,
432 1155 480 1189 καὶ
505 1158 582 1190 ἑεπιτ·
586 1171 668 1189 ινεται
693 1172 709 1199 η
732 1171 819 1190 αυτ-ου
849 1155 1008 1199 εἷρρωστια.
1052 1155 1096 1190 διδ
1124 1171 1172 1190 και
1196 1158 1221 1190 οἶ
1245 1157 1292 1189 ιά-

133 1214 195 1256 τροὶ
220 1219 361 1255 παρακελε
353 1212 395 1245 ὗε
401 1227 460 1245 ιται
484 1227 514 1245 τε
518 1210 546 1252 ἲς
571 1210 705 1254 ἇρριῖστε
708 1228 736 1253 υς
759 1211 798 1257 μὴ
823 1211 1026 1256 α’ναγινιίνσκευ.

222 1272 250 1312 ξ.
276 1270 306 1303 ὃ.
354 1267 496 1311 εὔλέγως)
546 1270 627 1302 Cum
651 1282 702 1302 ars
735 1271 775 1302 sit
806 1271 962 1303 facultatis
987 1276 1040 1302 aut
1069 1269 1205 1310 habitus,
1229 1281 1292 1302 non

134 1327 326 1369 operationis
351 1338 430 1368 quae
456 1338 492 1358 cx
518 1327 664 1358 facultate
689 1327 848 1368 procedit,
879 1327 1026 1369 voluptas
1050 1332 1156 1359 autem
1181 1337 1293 1369 opera-

133 1384 195 1415 tio:
222 1382 379 1425 sequitur,
412 1387 510 1415 artem
542 1393 604 1414 non
643 1393 713 1414 esse
744 1383 927 1425 voluptatis.
974 1383 1060 1416 Viles
1091 1383 1185 1422 enim,
1213 1393 1294 1425 quae

134 1429 364 1481 subjun'guntur
388 1444 482 1477 artes,
507 1439 644 1480 regulam
666 1450 728 1470 non
754 1439 950 1471 subvertunt.

223 1496 250 1536 ξ.
277 1496 306 1527 7.
354 1492 399 1526 τᾶν
425 1492 557 1536 φρόνιμον
579 1492 685 1527 διώκειν
708 1493 754 1527 τὶν
779 1488 886 1527 ἄλυπον
910 1494 990 1534 βίον)
1015 1495 1085 1528 Hoc
1109 1495 1184 1528 item
1201 1495 1294 1528 Plato

138 1556 349 1593 proposuerat
372 1551 402 1582 in
427 1551 569 1589 Philebo,
595 1562 625 1592 p.
651 1552 692 1583 55
718 1555 771 1593 (p.
797 1552 895 1593 226).

224 1607 323 1639 CAP.
338 1607 430 1639 xm.
446 1609 472 1648 ξ.
488 1608 515 1639 1.
531 1607 725 1649 (Cap.X1V.)
738 1608 787 1652 πῇ,
806 1608 845 1649 τῷ
854 1606 1052 1650 ἓμποὸιστική)
1067 1607 1107 1649 τῷ
1120 1608 1161 1654 πῇ
1174 1608 1294 1651 ἐμποδι-

133 1661 220 1705 στική
238 1664 287 1701 El,
308 1664 393 1701 Vrat‚
416 1664 578 1695 Bekkerus
606 1664 673 1696 sine
691 1664 835 1696 lectionis
855 1664 1015 1702 varietate,
1039 1663 1126 1703 Ven}
1150 1665 1210 1696 Par
1231 1676 1294 1697 om.

134 1719 185 1761 τῷ.
199 1720 393 1751 Putaverunt
410 1720 572 1751 Eudemus
588 1726 619 1752 ct
627 1721 853 1762 paraphrastes
870 1720 911 1764 πῇ
920 1720 960 1762 τῷ
970 1721 1136 1762 legendum
1151 1732 1234 1754 esse:
1253 1720 1294 1765 πῇ

133 1775 217 1807 enim
227 1775 399 1817 opponitur
409 1776 448 1816 τῷ
465 1772 572 1813 ἁπλῶς,
587 1782 618 1807 ct
631 1788 686 1818 pro
696 1773 774 1808 mro(
790 1790 815 1808 τι
829 1777 1090 1819 Pararaphrastes
1104 1777 1222 1809 dictum
1235 1789 1294 1820 pu-

135 1836 196 1863 tat:
214 1831 255 1872 τῷ
272 1828 464 1873 &fimeto-rtur]
480 1837 583 1863 autem
602 1833 716 1874 adjecit
730 1838 839 1864 auctor
855 1833 893 1864 ad
913 1833 1133 1865 declarandum
1151 1834 1226 1866 illud
1243 1834 1294 1878 πῇ.

134 1887 328 1929 Adstipulari
359 1888 482 1919 videtur
514 1889 666 1930 Aspasius
696 1889 924 1930 interpretans:
958 1885 1035 1921 ἅλλοῖ
1067 1890 1108 1933 nst]
1139 1887 1225 1922 κακὸν
1247 1888 1295 1922 καὶ

134 1940 271 1983 φευκτὸν,
298 1936 360 1986 ἤτοι
391 1941 475 1976 nalal
504 1943 707 1986 {pcrcc'wnms.
756 1946 838 1976 Cum
877 1951 982 1976 tamen
1009 1945 1134 1987 plurimi
1169 1946 1294 1979 codices

134 2000 176 2041 τῷ
201 2000 242 2043 πῇ
266 2000 410 2032 exhibere
436 2001 616 2039 videantur,
650 2001 728 2032 llaec
759 2001 853 2033 lectio
885 2012 921 2032 ex
957 2001 1138 2033 Aristotelis
1174 2003 1294 2035 calamo

134 2055 260 2087 fluxisse
285 2057 424 2097 putanda
449 2063 508 2095 est,
534 2067 603 2089 cum
627 2062 659 2088 et
676 2057 743 2098 ipsa
760 2058 893 2089 eandem
911 2058 1100 2090 sententiam
1118 2064 1200 2091 tecte
1216 2070 1293 2092 con-

134 2111 244 2152 tineat,
268 2124 360 2155 quam
386 2114 482 2145 altera
506 2113 669 2156 explicate.
686 2132 729 2136 —
746 2111 865 2153 φευκτόν
890 2116 938 2155 τι)
963 2111 1082 2154 φευκτόν
1106 2127 1135 2146 τε
1160 2115 1214 2154 Η·,
1239 2113 1293 2147 1)»
