1439 2342
163 26 234 61 160
443 29 592 55 Comment.
614 28 647 55 nd
668 30 778 55 Aristot.
800 28 895 54 Etbica
916 27 1018 54 Nicom.

161 137 305 169 eissimus
324 134 514 166 Aristotelici
529 134 590 166 loci
605 139 671 165 est:
695 136 808 166 Sensus
815 135 934 175 patitur
949 135 987 165 ab
1001 135 1153 172 sensibili,
1168 145 1227 167 non
1240 146 1313 177 qua-

162 197 244 224 tenus
258 190 479 230 unumquodque
493 190 633 221 sensibile
648 191 702 221 hoc
723 193 768 220 est
784 189 838 228 (de
855 199 950 221 sensu
963 188 1014 220 τοῦ
1027 188 1139 230 λέγεται
1149 189 1220 221 vide
1233 201 1313 231 quae

161 247 294 277 diximus
312 255 407 285 supra
423 244 461 275 ad
478 243 514 282 ll,
531 256 558 276 c.
576 244 605 276 6.
624 244 652 285 ξ.
673 245 738 282 17),
755 244 774 275 i.
792 255 820 276 e.
837 250 992 286 quatenus
1009 245 1163 282 colorem,
1187 250 1241 276 aut
1259 256 1312 276 so-

162 312 246 337 num,
264 305 319 330 aut
335 310 479 341 saporem
496 299 608 338 habet,
627 301 683 330 sed
695 303 836 340 quatenus
851 301 938 331 talem
959 304 1100 331 naturam
1122 304 1151 332 et
1169 302 1314 332 notionem

160 357 259 391 haba,-
277 365 392 396 nempe
417 356 463 394 (ut
477 354 598 386 dixerat
619 355 713 396 paulo
737 356 891 397 superius)
915 366 1028 387 sensus
1052 366 1115 386 non
1140 356 1313 395 materiam,

162 412 216 443 sed
235 411 366 441 formam
383 415 415 441 et
431 409 594 441 notionem
617 421 720 442 rerum
746 411 777 442 in
799 422 833 443 se
857 411 1006 452 suscipit,
1031 417 1065 442 ut
1088 423 1146 444 nec
1169 422 1257 450 cera,
1280 412 1313 443 in

161 478 254 508 quam
271 477 382 497 aureus
399 465 531 496 annulus
548 465 720 507 impressus
736 466 837 503 fuerit,
850 477 958 498 aurum
975 467 1078 508 ipsum
1095 467 1243 505 admittit,
1256 467 1313 499 sed

159 523 292 553 formam
309 527 430 552 tantum
448 521 533 552 aurei
549 522 664 552 annuli.
692 522 764 552 Jam
781 522 868 552 addit
882 522 913 552 in
930 523 1120 562 parenthesi,
1136 525 1313 554 instrumen-

160 583 219 609 tum
238 588 342 609 sensus
365 578 399 608 id
419 587 483 607 esse
498 577 644 616 primum,
668 578 701 607 in
723 587 778 617 quo
801 578 871 608 talis
893 578 940 608 vis
959 581 988 608 et
1002 580 1135 617 potentia
1157 578 1314 610 sentiendi

160 635 301 665 collocata
328 635 383 671 sit,
415 642 529 673 nempe
553 632 708 663 retinendi
735 633 868 663 formam
891 637 924 663 et
947 632 1115 673 respuendi
1139 633 1311 664 materiam.

160 689 247 720 Dicit
264 690 415 729 primum,
446 687 518 728 quia
541 687 691 728 cogitatio
716 693 765 718 est
787 688 884 719 altera
908 687 979 718 talis
1003 688 1145 719 facultas.
1191 688 1311 729 Pergit-

160 756 220 786 que
244 744 386 781 omissis,
411 754 490 784 quae
515 743 729 783 inteijjecerat:
753 744 873 783 Itaque,
897 743 916 774 i.
930 754 957 774 e.
983 749 1112 784 propter
1135 743 1214 774 lianc
1239 754 1311 774 sen-

160 799 257 831 tiendi
281 799 436 830 facultatis
461 798 690 836 conditionem,
716 809 827 829 sensus
851 804 884 830 et
907 798 1054 830 sensibile
1076 810 1166 830 unum
1187 802 1216 830 et
1235 799 1339 830 idem-

160 859 236 893 swet,
273 865 387 895 nempe
423 854 570 891 notione,
606 853 799 891 substantia,
834 854 951 892 forma,
986 865 1020 886 re
1055 858 1151 885 autem
1174 856 1311 891 diver-vm

159 912 289 951 alioquin
319 912 397 941 enim
426 910 468 945 (si
495 909 661 941 existentia
691 920 804 941 sensus
835 909 873 940 ab
897 910 1064 941 existentia
1087 910 1130 941 rei
1155 909 1312 941 sensibilis

160 978 223 997 non
246 971 331 998 esset
354 965 486 1005 diversa)
517 967 646 996 sentiens
667 969 744 996 esset
764 966 952 1006 maynitudo:
975 967 1030 997 sed
1049 976 1102 997 nec
1125 967 1203 1006 quod
1219 969 1315 1006 potest

160 1024 281 1060 sentire,
303 1031 357 1053 nec
383 1023 446 1061 ipse
469 1031 574 1052 sensus
596 1024 665 1051 sunt
685 1022 856 1061 maqnitudo
879 1021 922 1052 rei
947 1032 1069 1060 sensae,
1094 1022 1150 1052 sed
1168 1023 1311 1053 notionem

160 1082 188 1109 et
206 1079 366 1118 potentiam
388 1078 470 1108 illius
493 1077 537 1107 rei
561 1082 710 1107 extensae
733 1078 914 1116 exprimunt.
970 1076 1067 1108 Vides
1101 1082 1134 1108 et
1157 1077 1217 1108 hoc
1240 1077 1311 1108 loco

162 1131 192 1164 τὸ
222 1132 289 1164 εἶναι
319 1132 501 1173 oppositum
534 1143 603 1163 esse
638 1131 677 1171 τῷ
707 1129 799 1171 λόγῳ,
839 1131 980 1172 quamvis
1003 1143 1098 1163 sensu
1122 1132 1216 1174 paulo
1239 1133 1311 1169 alio,

160 1200 252 1230 quam
284 1189 386 1229 primo
418 1188 506 1226 loco,
546 1199 615 1218 cum
647 1187 740 1218 etiam
771 1193 807 1217 ut
838 1186 955 1227 ἐνέργεια
985 1188 1104 1228 opponi
1134 1188 1169 1230 τῇ
1198 1185 1311 1228 ὸυνιίμει

159 1244 315 1275 videatur:
351 1244 471 1275 Sensus
495 1248 527 1274 et
548 1242 697 1274 sensibile
716 1253 774 1282 per
796 1252 843 1279 se,
878 1247 1046 1283 utrumque
1077 1243 1115 1274 ab
1139 1243 1238 1273 altero
1261 1253 1312 1274 se-

160 1305 317 1340 paratum,
348 1299 489 1330 existunt
514 1297 566 1339 (τῷ
590 1297 656 1329 εἶναι
682 1295 798 1337 ἕτερα),
824 1297 964 1338 quamvis
989 1298 1099 1328 intima
1129 1299 1258 1329 notione
1281 1305 1314 1329 et

160 1355 302 1396 potentia
333 1354 396 1385 sint
424 1354 518 1384 idem.
580 1354 625 1384 Ea
656 1359 760 1384 tamen
795 1358 939 1393 separata
973 1353 1139 1384 existentia
1170 1365 1232 1384 non
1265 1359 1314 1384 est

160 1421 231 1442 vera
255 1421 363 1441 eorum
387 1408 516 1449 ἐνέργεια.
564 1409 628 1440 Sed
653 1414 762 1439 contra
786 1407 870 1449 quod
894 1419 1006 1439 sensus
1030 1414 1063 1439 et
1086 1408 1233 1439 sensibile
1251 1409 1314 1439 sint

160 1467 242 1497 idem
267 1465 413 1502 notione,
437 1464 498 1495 hoc
521 1470 570 1495 est
592 1475 665 1495 vera
689 1463 828 1495 essentia
852 1468 885 1494 et
908 1463 1087 1494 substantia
1110 1475 1237 1501 eorum,
1271 1464 1313 1494 ita

160 1527 194 1552 ut
217 1527 361 1561 separata
385 1531 494 1551 eorum
518 1520 684 1551 existentia
708 1516 756 1557 (τὸ
781 1518 864 1556 εἶναι)
889 1519 1032 1560 potentia
1056 1524 1177 1550 tantum
1201 1530 1314 1550 sensus

161 1578 297 1607 (linatur.
334 1587 404 1607 cum
435 1580 507 1607 actu
533 1574 676 1616 (ἐνεργείᾳ)
712 1586 761 1606 res
794 1574 933 1606 sentiens
964 1580 997 1606 et
1027 1585 1076 1605 res
1101 1586 1194 1605 sensa
1218 1585 1314 1605 unum

161 1633 223 1663 sint
247 1638 278 1663 et
303 1632 394 1662 idem.
443 1632 533 1662 Hanc
550 1631 749 1662 existentiam
775 1630 918 1671 potentia
942 1630 1008 1661 sola
1032 1636 1232 1661 constantem
1254 1641 1314 1660 vox

161 1686 191 1718 τὲ
218 1687 283 1717 εἶιναι
308 1687 367 1717 alio
393 1687 461 1717 loco
486 1687 634 1717 librorum
660 1687 710 1718 De
734 1685 904 1724 animam,
929 1686 948 1718 2
974 1685 1014 1726 (ξ.
1031 1686 1062 1723 4,
1086 1686 1136 1717 ed.
1154 1685 1315 1723 'ri-endel.)

162 1742 334 1784 significat:
364 1738 380 1783 ἡ
411 1743 437 1772 δ’
470 1742 520 1772 τοῦ
551 1741 698 1783 αἰσθητοῦ
722 1741 839 1783 ἐνέργεια
863 1739 910 1772 καὶ
942 1740 990 1779 τῆς
1014 1739 1177 1782 αἰσθήσεως
1203 1737 1218 1781 r]
1243 1737 1315 1780 αὐτὴ

162 1798 208 1839 μέν
224 1798 295 1841 Ϊέστι
317 1794 365 1828 καὶ
389 1796 455 1838 μία,
481 1793 512 1827 ro*
537 1798 563 1827 ‹3’
587 1796 654 1828 εῧκαι
672 1794 703 1828 εὖ
720 1794 823 1828 ταύτὸν
840 1793 948 1834 αὐταῖς.
983 1796 1060 1828 ltem
1087 1797 1115 1837 ξ.
1134 1798 1162 1827 7.
1188 1796 1315 1826 ibidem.

163 1854 212 1885 Ex
236 1853 272 1884 iis
297 1863 376 1894 quae
398 1852 600 1893 exposuimus
625 1859 773 1894 apparet,
799 1852 945 1884 omnibus
969 1852 1046 1883 locis
1070 1852 1223 1883 hactenus
1246 1851 1314 1882 illu-

163 1909 268 1940 stratis
301 1905 332 1939 τὸ
362 1906 431 1938 siim
461 1913 645 1949 usurpatum
677 1920 747 1939 esse
779 1909 817 1940 ‹le
841 1908 1017 1939 substantia
1041 1907 1180 1938 sensibili
1204 1917 1259 1947 per
1282 1917 1316 1937 se

163 1964 317 1995 existente
346 1963 530 2005 notionique
558 1969 591 1994 et
622 1964 735 1994 rationi
766 1964 924 2005 opposita.
989 1963 1069 1994 Cum
1102 1969 1210 1993 tamen
1240 1963 1316 1993 haec

164 2031 266 2051 rerum
291 2019 379 2050 notio
403 2016 516 2059 (λόγος)
541 2019 582 2050 sit
604 2030 677 2050 vera
701 2020 838 2059 ipsarum
864 2019 1057 2056 substantia,
1083 2018 1149 2049 aliis
1173 2018 1248 2048 loeis
1273 2017 1315 2048 si-

163 2075 320 2115 gnificatio
352 2075 402 2105 τοῦ
428 2074 495 2106 εἶναι
519 2075 611 2116 plane
635 2075 665 2105 in
691 2075 880 2106 contrarium
913 2075 993 2111 abit,
1028 2080 1064 2104 ut
1086 2073 1127 2104 sit
1150 2073 1238 2104 notio
1261 2072 1316 2110 rei,
