1439 2342
193 64 268 103 272
478 66 658 94 commentar.
686 66 721 93 od
742 66 853 94 Ari-tot.
873 66 960 94 Ethie.
981 66 1086 94 Nicon.

193 185 273 207 neve
297 174 330 205 δέ
350 174 411 205 hoo
432 173 502 206 loco
526 185 597 206 cum
627 172 786 206 Lambino
815 184 873 216 pro
895 171 952 215 γοίρ
975 173 1122 216 accipias.
1166 174 1251 206 Nam
1275 185 1347 207 eum

192 230 403 272 Philosophus
418 229 559 269 dixisset,
584 240 622 261 ex
645 230 714 271 ipsa
738 229 903 271 tyrannide
920 227 978 271 (ἐπὶ
1000 226 1121 272 ταύτης)
1144 230 1346 274 perspicuum

193 297 275 324 esse,
300 297 370 317 eam
387 296 457 317 esse
481 285 692 324 deterrimam,
718 286 824 317 addit:
849 285 913 317 Sed
929 286 1013 318 idem
1037 297 1076 318 ex
1099 297 1138 318 eo
1162 286 1257 319 etiam
1273 297 1346 329 per-

192 341 270 383 spici
294 346 412 383 potest,
429 341 514 383 quod
536 342 708 382 pessimum
725 341 902 384 estoptimo
925 342 1128 374 contrarium.
1165 342 1271 375 Fluxit
1289 339 1345 384 γάρ

191 409 208 429 e
230 397 451 439 Paraphraste,
475 398 597 428 restitui
621 397 654 428 ὁέ
675 397 889 439 adstipulante
912 397 1069 430 Bekkero.

277 453 304 494 §.
329 454 360 486 ll.
407 449 472 490 ἀεί)
520 453 689 494 Expressis
713 453 817 485 verbis
842 459 933 485 notat
956 453 1018 486 hoc
1041 453 1265 492 locoZellius,
1290 464 1344 486 co-

191 509 291 540 dicem
316 519 408 539 suum
425 507 636 540 parisiensem
661 508 718 540 αἰεί
737 509 856 550 legere3
881 511 921 541 cf.
946 520 1041 551 supra
1065 509 1144 550 adl,
1168 522 1195 542 c.
1213 511 1244 548 7,
1268 510 1295 552 ἑ.
1312 510 1344 543 4.

277 565 304 606 ξ.
329 566 360 597 5.
383 560 438 605 γάρ
463 563 658 604 παρεκβαίνει)
670 564 815 597 Olimncu'
826 566 1047 607 interponebat
1061 566 1197 607 vulgata,
1213 577 1275 597 non
1286 565 1343 597 ob-

188 621 272 652 vium
286 620 315 651 in
333 620 404 658 Par,
428 620 478 657 El,
494 620 592 658 CCC,
605 620 741 652 Bekkeri
755 621 926 660 codicibus,
940 622 1019 653 Ven.
1032 640 1075 645 —
1093 617 1190 663 ῥᾷστα
1202 620 1344 663 μεταβαί-

188 677 292 717 νουσιν)
319 687 361 708 sc.
386 680 421 706 ut
445 676 580 717 explicat
609 677 853 718 Paraphrastes:
886 674 996 719 ἑκάστη
1027 677 1063 716 εἰς
1088 674 1135 719 τὴν
1159 674 1344 720 ἀντικειμένην

189 729 273 776 αὐτῇ.
320 731 525 773 Reipublicae
549 732 632 764 inter
655 744 689 764 se
715 733 814 775 magis
845 734 986 766 diversae
1011 734 1167 766 difficilius
1191 734 1289 766 altera
1311 734 1342 765 in

189 789 317 820 alteram
342 792 515 819 mutantur.

275 845 304 886 ξ.
329 844 359 878 6.
405 840 424 885 ἡ
447 840 612 881 δεσπότου)
659 844 777 877 Zellius
802 856 874 877 cum
905 845 1125 888 Paraphraste,
1145 845 1342 888 Argyropylo

185 906 218 932 et
242 901 308 931 aliis
343 900 471 941 supplet
502 901 680 941 proximum
706 897 803 942 ἆρχῆι
842 898 950 942 possis
979 908 1012 933 et
1043 902 1187 943 superius
1217 900 1342 933 κοινωνία

185 962 314 999 propter
330 955 598 998 praepositionem
624 953 715 996 πρὸς
739 954 866 996 δούλους,
890 963 925 988 ut
948 969 1042 999 supra
1060 954 1167 998 πατρὸς
1190 954 1260 998 πρὸς
1278 957 1342 996 υἱεῖς

185 1012 309 1044 κοινωνία
349 1012 471 1054 legitur.
535 1011 662 1043 Etenim
687 1009 759 1052 πρές
790 1013 820 1044 in
852 1013 1062 1055 Paraphraste
1096 1025 1161 1045 non
1189 1013 1340 1045 occurrit:

184 1066 306 1109 τυραννὶς
329 1068 359 1100 ὀὶ
384 1064 401 1109 ἡ
426 1068 479 1099 τῶν
502 1065 609 1100 δούλων
631 1064 722 1110 οἷρχή.
769 1068 818 1107 ΕΙ,
842 1069 903 1101 NC
928 1069 1036 1111 legunt
1059 1065 1076 1111 ἡ
1099 1069 1263 1102 δεσποτεία.

273 1125 301 1166 ᾧ.
327 1125 356 1155 7.
404 1120 500 1163 ἀνδρὸς
525 1123 555 1155 ὁὲ
578 1121 626 1154 καὶ
649 1122 794 1164 γυναικός)
842 1125 902 1156 Ηίο
926 1125 1051 1168 quidem
1077 1136 1189 1158 omnes
1211 1123 1338 1158 κοινωνία

184 1180 343 1222 supplent.
360 1198 403 1202 —
423 1178 584 1220 ἐπίκληροι)
608 1179 658 1211 De
682 1180 816 1219 filiabus,
842 1192 922 1222 quae
946 1193 963 1212 a
987 1186 1139 1213 testatore
1162 1181 1260 1214 filium
1271 1191 1338 1213 non

182 1236 321 1267 habente
336 1235 428 1266 simul
445 1246 515 1266 cum
540 1235 715 1266 hereditate
739 1237 883 1277 proximo
900 1242 1035 1279 cognato
1059 1237 1167 1269 heredi
1189 1237 1336 1270 instituto

182 1297 214 1323 et
237 1294 388 1333 adoptato
418 1292 448 1323 in
481 1291 716 1322 matrimonium
755 1292 958 1324 collocantur.
990 1312 1034 1317 —
1072 1290 1121 1325 διοὶ
1144 1292 1267 1326 πλοῦτον
1289 1290 1338 1325 καὶ

182 1345 314 1390 δύναμιν)
361 1348 431 1379 Hoc
455 1347 493 1378 ad
518 1347 592 1386 viri,
628 1347 704 1378 illud
737 1348 776 1378 ad
807 1348 945 1380 mulieris
980 1349 1095 1380 referas
1126 1349 1336 1391 oligarchiam.

180 1404 242 1435 Pro
267 1401 315 1435 ὁιά
339 1404 414 1445 legit
437 1403 629 1435 Fritzschius
653 1401 731 1434 κατιί
747 1414 763 1435 e
792 1402 847 1435 Kb.

270 1461 297 1501 ξ.
321 1459 352 1493 8.
400 1459 525 1491 ἐνταῦθα
556 1456 609 1500 γοῖρ
636 1456 735 1498 πάντες
758 1460 787 1501 ἐξ
812 1458 899 1498 ἴσου)
944 1460 1129 1492 Parenthesi
1152 1460 1230 1492 haec
1251 1460 1334 1493 Bek—

179 1516 273 1547 kerus
297 1521 380 1556 recte
406 1527 475 1546 cum
500 1515 658 1546 Lambino
682 1515 828 1554 includit,
860 1521 896 1547 ut
919 1517 1084 1559 sequentia
1113 1527 1184 1548 cum
1208 1527 1337 1558 praece-

180 1571 326 1603 dentibus
350 1571 475 1612 possint
499 1571 656 1612 conjungi.

268 1626 367 1658 CAP.
394 1625 453 1656 ΧΙ.
477 1627 573 1668 (Cap.
586 1626 682 1664 Xlll.)
709 1626 737 1668 ξ.
755 1627 782 1658 1.
808 1625 880 1667 εἷπε)
906 1627 1008 1660 Deest
1021 1627 1098 1660 haec
1109 1639 1171 1660 vox
1184 1627 1215 1660 in
1231 1627 1287 1667 Kb,
1301 1634 1335 1661 et

180 1695 197 1714 a
213 1682 386 1714 Fritzschio
411 1694 467 1724 pro
484 1682 590 1724 spuria
611 1683 753 1714 habetur.

268 1739 332 1779 §.2
355 1734 519 1779 ἡπατρική)
550 1739 662 1770 lterum
680 1729 797 1770 Zellius
813 1740 862 1779 (cf.
879 1750 973 1780 supra
983 1739 1019 1770 ad
1055 1750 1082 1771 c.
1100 1739 1150 1778 10,
1164 1739 1191 1780 ξ.
1206 1738 1237 1780 6)
1253 1735 1335 1781 οῗρχή

179 1793 337 1832 subaudit,
355 1805 424 1825 cum
437 1794 628 1836 hocquidem
638 1795 719 1834 loco,
733 1801 767 1826 ut
781 1786 934 1836 Aspasius
949 1801 980 1827 et
995 1795 1230 1836 paraphrastes,
1250 1794 1333 1835 φιλία

178 1850 294 1881 rectius
316 1849 520 1891 suppleveris,
536 1869 578 1873 —
591 1849 736 1890 διαφέρει)
761 1862 805 1882 sc.
820 1850 868 1892 τῆς
883 1851 1045 1892 βασιλικῆς,
1069 1851 1217 1893 additque
1236 1852 1332 1883 Para-

178 1906 340 1947 phrastes:
364 1904 448 1946 μείζω
464 1902 519 1945 γαρ
540 1901 554 1936 ὅ
580 1903 675 1947 πατὴρ
705 1903 849 1947 εὐεργετεῖ.
870 1925 899 1930 -
920 1905 998 1944 εἶναι,
1022 1907 1167 1946 δοκοῦντος
1197 1906 1332 1949 μεγίστου

177 1960 254 2001 εἶναι)
265 1961 424 1992 Posterius
432 1959 499 1992 εἶναι
509 1961 659 1992 omittunt
668 1962 695 1993 H
705 1964 720 2000 ¹,
729 1961 785 2000 Kb,
794 1961 850 2000 N¹’‚
860 1963 930 2000 Ald,
940 1963 1141 2002 Cardu-ellus,
1151 1963 1329 1995 Bekkerus:

177 2017 262 2058 prius
279 2017 399 2054 L'·,0··‚
418 2017 495 2049 Ven.
511 2035 553 2040 -
567 2017 657 2048 ταῦτα
667 2014 850 2059 ἀπονέμεται)
869 2019 1095 2060 Arg'yropylus‚
1106 2019 1224 2051 Coraes
1237 2015 1332 2051 ταῦτοί

177 2084 234 2114 pro
258 2073 359 2104 ταῦτα.
386 2073 445 2104 Pro
470 2068 639 2115 ἀπονέμεται
663 2074 770 2115 legunt
794 2074 973 2116 προςνέμεται
997 2074 1047 2112 ΕΙ,
1071 2074 1116 2106 Kb
1139 2075 1329 2115 (secundum

177 2128 382 2168 Bekkerunnj,
394 2127 448 2166 L'·,
463 2129 522 2168 0··‚
539 2129 744 2162 Fritzschius.
771 2131 924 2172 aspasius
938 2131 1094 2172 duplicem
1108 2131 1217 2162 statuit
1231 2138 1328 2162 inter-
