1439 2342
472 57 546 86 Libri
566 58 598 85 V.
630 56 696 92 Cap.
717 56 754 84 lv
776 56 870 91 (VII).
1182 56 1254 91 169

96 169 199 212 capite
229 169 278 210 (ᾧ.
303 168 334 209 9)
364 169 427 199 huc
450 167 531 198 male
555 165 761 207 transcripta,
785 170 821 198 ut
843 165 945 198 Zellio
967 165 1102 198 videtur.
1148 165 1255 197 Innuit

95 229 206 257 nostro
230 224 301 256 loco
324 223 525 260 Aristoteles,
549 221 800 264 proportionem,
823 232 903 264 quae
926 226 977 253 est
990 221 1129 253 medium
1145 221 1254 253 damni

95 286 128 314 et
149 279 245 318 lucri,
274 279 370 311 etiam
399 279 431 310 in
461 277 658 310 commerciis
686 288 791 309 rerum
822 277 860 309 ab
891 277 1010 309 artibus
1033 276 1253 309 fabricatarum

93 337 198 369 locum
221 334 353 373 habere3
384 334 416 366 id
446 333 532 375 quod
555 333 658 375 capite
681 333 827 375 sequenti
849 333 942 364 latius
966 333 1144 374 exponitur.
1189 333 1253 364 Re-

93 391 206 434 petitio
236 390 410 422 eorundem
440 388 608 421 verborum
638 388 762 420 duobus
791 388 869 420 locis
897 389 1004 429 fugere
1033 388 1139 429 potuit
1170 398 1252 426 eum,

93 447 147 489 qui
168 446 363 479 recensuerit
384 445 442 476 has
465 444 646 476 Aristotelis
669 444 910 485 praelectioneS,
934 455 1006 475 curn
1030 444 1070 475 ab
1092 444 1163 485 ipso
1180 444 1253 476 Ari-

93 503 207 535 stotele
235 502 346 543 procul
375 501 470 532 dubio
500 506 634 542 utroque
661 500 732 531 loco
756 499 961 541 pronuntiata
984 499 1109 531 fuerint.
1155 500 1253 531 Para-

92 559 238 601 phrastes
268 558 347 589 haec
377 556 473 589 verba
507 562 619 588 nostro
654 560 778 587 tantum
814 556 884 587 loco
919 555 1078 596 agnoscit,
1113 561 1146 587 et
1180 567 1253 587 cum

92 614 249 647 Michaele
273 613 414 654 Ephesio
438 613 481 644 ita
505 612 658 653 explicat,
682 617 718 644 ut
738 609 772 642 τό
796 610 891 643 ποιοῦν
916 611 1040 653 quidem
1067 611 1107 642 sit
1131 611 1252 649 artifex,

92 672 180 712 cujus
204 669 352 712 operibus
375 669 589 710 indigeamus,
623 665 656 698 τὸ
680 665 798 707 πάσχον
829 673 936 698 autem
959 668 1002 705 is,
1034 667 1086 709 qui
1115 667 1255 708 indigeat

92 727 195 768 aliqua
218 737 266 757 re:
292 731 438 767 artesque
461 724 606 763 interire,
630 723 691 754 nisi
715 729 866 764 quantum
891 723 1082 754 fabricentur
1105 723 1253 760 artifices,

92 787 215 814 tantum
239 782 400 823 indigeant
423 781 548 822 reliqui,
578 780 622 811 ita
654 784 690 810 ut
721 790 870 811 excessus
901 780 1024 810 illorum
1058 783 1090 811 et
1114 778 1254 810 defectus

91 839 204 870 horum
235 838 274 869 ad
303 837 525 878 aequalitatem
556 841 588 866 et
619 834 758 866 medium
792 840 966 866 revocetur.
1013 835 1128 866 Exstat
1146 839 1253 865 tamen

92 900 124 926 et
140 894 237 926 altera
254 892 483 934 interpretatio,
508 903 601 934 quam
614 891 752 923 Michael
764 891 923 932 Ephesius
941 890 1118 932 subjungit:
1139 901 1254 931 nempe

93 955 175 982 artes
199 960 216 980 e
241 948 346 980 medio
370 949 449 986 tolli,
473 948 552 986 nisi,
583 948 635 989 qui
658 947 821 988 indigeant
848 951 971 978 tantum
995 947 1077 988 pati,
1107 947 1127 978 i.
1145 958 1172 978 e.
1197 946 1253 977 tri-

92 1006 187 1038 buere
210 1005 325 1043 velint,
357 1009 510 1045 quantum
541 1003 675 1035 artifices
706 1003 877 1034 meruerint
898 1013 954 1044 pro
981 1002 1196 1044 magnitudine
1221 1008 1254 1033 et

92 1062 241 1104 qualitate
264 1071 395 1102 operum
420 1071 566 1099 suoru1n;
595 1059 671 1090 nulli
703 1059 786 1090 enim
814 1064 1019 1100 operarentur
1043 1059 1195 1097 artifices,
1227 1058 1253 1089 si

91 1118 177 1150 nulla
204 1117 281 1158 ipsis
312 1117 416 1148 futura
446 1121 532 1148 esset
561 1127 662 1157 aequa
699 1115 931 1156 compensatio.
986 1115 1037 1146 Ad
1067 1126 1196 1146 sensum
1229 1115 1256 1146 si

93 1179 236 1216 spectes,
266 1184 343 1204 sane
373 1178 505 1214 utraque
529 1171 697 1213 explicatio
722 1171 761 1202 ad
784 1171 869 1202 idem
893 1170 992 1210 redit3
1022 1181 1097 1202 nam
1123 1170 1149 1201 si
1172 1170 1254 1201 indi-

92 1227 198 1269 gentia
220 1233 252 1260 et
268 1228 441 1260 necessitas
459 1239 591 1270 operum
607 1227 774 1266 exstiterit,
799 1227 894 1268 digno
912 1227 1007 1258 etiam
1024 1226 1126 1268 pretio
1144 1237 1255 1257 emen·

93 1289 159 1315 tur:
191 1290 301 1326 estque
332 1296 479 1316 nummus
510 1285 634 1325 signum
657 1283 867 1325 indigentiae,
898 1288 933 1314 ut
963 1283 1047 1314 dicet
1068 1283 1147 1313 infra
1171 1293 1198 1314 c.
1222 1283 1254 1320 5,

94 1340 122 1381 ξ.
152 1340 202 1373 11.
248 1340 462 1372 Posteriorem
498 1340 792 1381 interpretationem
827 1339 899 1370 ideo
930 1339 1060 1371 forsitan
1097 1338 1253 1379 quispiam

93 1396 290 1436 praetulerit,
327 1396 412 1438 quod
438 1395 580 1437 justitiae
615 1395 756 1433 intersit,
798 1400 834 1426 ut
864 1404 964 1436 aequa
993 1394 1255 1436 compensatione

92 1456 333 1484 remunerentur
355 1451 491 1483 artifices
516 1450 555 1483 ab
578 1451 616 1482 iis
640 1450 753 1493 quibus
777 1462 858 1492 opus
882 1456 932 1482 est
956 1449 1103 1491 operibus
1124 1461 1253 1485 eorum:

93 1508 275 1549 qualitatem
306 1512 412 1539 autem
444 1512 477 1538 et
504 1507 714 1548 quantitatem
738 1517 869 1548 operum
894 1506 1088 1547 respondere
1111 1506 1255 1547 indigen-

92 1563 154 1595 tiae
178 1568 209 1596 et
232 1562 477 1595 necessitatibus
500 1562 625 1601 civium,
649 1573 714 1594 non
738 1562 780 1594 sit
803 1562 945 1603 quaestio
963 1562 1053 1603 juris,
1078 1562 1135 1593 sed
1151 1561 1254 1593 scien-

92 1620 165 1658 tiae,
178 1631 272 1661 quam
284 1619 385 1651 nostri
395 1624 512 1651 vocant
523 1621 721 1650 oeconomiam
730 1620 893 1659 politicam,
913 1617 953 1649 ab
966 1618 1027 1649 hoc
1039 1618 1110 1649 loco
1123 1628 1253 1659 prorsus

93 1675 224 1708 alienae.
270 1676 366 1717 Apud
387 1680 512 1706 veteres
536 1679 643 1706 tamen
662 1674 910 1716 jurisprudentia
933 1679 965 1705 et
989 1673 1178 1705 oeconomia
1193 1685 1253 1715 po-

93 1731 177 1764 litica
201 1731 343 1763 nondum
368 1731 509 1763 diversae
534 1735 623 1762 erant
647 1730 809 1762 scientiae.
856 1730 1000 1771 Cumque
1018 1730 1071 1772 jus
1092 1730 1255 1761 contineat

94 1788 263 1820 societates
294 1787 379 1826 (infr.
404 1799 431 1818 c.
450 1787 480 1825 5,
505 1787 532 1828 ξ.
550 1786 594 1824 6)
623 1791 656 1817 et
685 1785 848 1827 proportio
880 1785 962 1817 inter
991 1785 1197 1827 indigentiam
1222 1792 1254 1817 et

93 1854 214 1876 merces
241 1848 410 1875 conservet
433 1848 527 1881 artes,
552 1841 664 1884 quibus
689 1842 890 1873 constituitur
907 1841 1042 1873 societas
1061 1841 1150 1883 (infr.
1175 1853 1201 1873 c.
1223 1842 1254 1881 5,

94 1900 122 1941 ξ.
140 1899 169 1932 9.
194 1900 285 1941 fin.),
315 1900 393 1931 haec
422 1899 586 1940 proportio
611 1899 722 1930 eodem
747 1899 844 1930 modo
868 1898 906 1929 ad
925 1898 1080 1940 justitiam
1105 1897 1254 1939 pertinet,

94 1967 186 1998 quam
209 1956 261 1987 illa
284 1956 380 1987 altera
404 1956 486 1987 inter
510 1955 728 1997 operationem
757 1960 789 1986 et
819 1954 1117 1987 renumerationem.
1166 1954 1253 1985 Con-

88 2012 268 2054 jungendae
297 2012 391 2053 igitur
421 2012 601 2043 viderentur
630 2011 741 2043 ambae
775 2011 1002 2052 interpretandi
1036 2010 1191 2047 rationes,
1229 2010 1255 2041 si

95 2066 219 2099 nic-31:02
242 2079 340 2110 aeque
371 2068 453 2099 benc
484 2068 523 2099 ad
553 2068 779 2110 posteriorem,
812 2079 905 2109 quam
929 2067 968 2098 ad
993 2066 1129 2107 priorem
1153 2066 1252 2097 inter-

0 2133 31 2342 Η
93 2124 302 2165 pretationem
327 2124 433 2156 referri
454 2129 575 2166 posset.
622 2124 686 2156 Sed
709 2124 741 2156 in
764 2123 1017 2156 remuneratione
1038 2132 1103 2153 non
1121 2122 1253 2163 qualitas
