1439 2342
164 82 238 118 202
439 85 618 112 Commentnr.
641 85 673 112 ad
696 85 806 111 Aristot.
833 84 919 111 Ethic.
941 83 1045 112 Nicom.

166 194 230 234 est)
254 198 418 234 utramque
442 191 683 233 explicationem
707 191 758 230 (ll,
783 203 810 224 c.
836 191 888 230 11,
912 203 944 234 p.
972 190 1068 230 1210,
1088 189 1120 230 b,
1136 190 1157 222 l.
1175 190 1218 224 32
1233 209 1270 216 —
1285 201 1318 233 p.

168 249 262 285 1211,
287 259 314 283 a,
339 248 359 278 l.
385 246 422 285 6;
447 253 480 278 et
503 258 534 289 p.
562 247 656 285 1211,
682 247 925 289 a,l.15—p.
964 246 1113 286 1211,b‚
1136 246 1156 279 l.
1188 245 1224 288 3)
1253 246 1318 278 cla-

165 304 206 335 ris
236 303 338 334 verbis
370 303 534 344 proponit,
567 308 601 334 et
631 313 703 334 eum
732 302 763 334 in
794 303 926 335 modum
957 314 1010 335 eas
1040 303 1171 345 profert,
1195 307 1232 334 ut
1253 302 1319 334 sint

165 359 307 390 diversae
336 359 491 396 rationes,
523 369 578 390 cur
608 370 681 399 erga
712 369 746 390 se
784 360 888 400 ipsum
924 358 1062 391 amicitia
1097 369 1169 390 esse
1204 357 1317 400 possit.

166 415 383 456 Condiscipuli
409 415 501 456 igitur
524 414 816 456 interpretationem
834 415 986 457 agnoscit,
1011 414 1068 446 sed
1090 413 1229 456 magistri
1245 424 1317 445 sen·

164 472 312 508 tentiam,
346 482 438 513 quam
470 476 501 501 et
525 481 584 501 nos
608 470 735 512 quidem
765 481 871 502 veram
899 470 1095 507 arbitramur,
1119 469 1224 512 priore
1246 469 1317 501 loco

164 527 322 567 proponit.
372 526 535 557 Eudemus
561 527 657 557 etiam
682 527 712 557 in
737 531 901 568 utramque
924 532 1047 568 partem
1071 525 1229 566 disputat,
1259 524 1316 556 sed

124 597 126 601 ·
165 593 240 612 suae
265 582 465 622 explicationi
491 582 627 622 priorem
653 582 756 613 locum
782 583 939 621 concedit,
963 587 996 614 et
1019 582 1136 624 reliqua
1159 591 1222 613 non
1244 586 1315 612 tan-

163 649 254 679 quam
281 649 397 668 novum
418 644 635 679 argumentum
653 638 758 677 affert;
784 639 840 670 sed
858 638 1055 680 paraphrasis
1078 637 1184 679 potius
1207 647 1316 668 eorum

161 695 317 731 videntur,
343 706 420 736 quae
436 694 622 725 Aristoteles
646 699 755 724 nostro
779 694 810 725 in
834 695 936 736 capite
953 694 982 735 ᾧ.
1002 693 1069 727 1-6.
1087 693 1204 724 docuit.
1229 692 1316 724 Citat

161 750 276 780 variam
304 750 471 781 lectionem
496 750 675 780 Eustratius
702 749 817 781 nostris
842 751 966 792 quidem
996 749 1027 780 in
1058 749 1220 781 codicibus
1249 759 1314 780 non

161 805 284 836 obviam
311 806 384 841 (nisi
409 806 492 847 quod
516 804 568 836 Μ’1
593 801 642 836 οὐκ
668 805 749 836 inter
772 799 792 850 ᾗ
813 812 846 837 et
859 805 933 838 ἐστίν
957 805 1104 846 inserat),
1130 805 1186 836 sed
1210 815 1228 836 e
1252 805 1313 836 Pe-

159 862 394 902 ripateticorum
414 862 480 902 jam
505 861 613 892 schola
637 861 719 892 haud
744 861 837 893 dubie
861 867 979 893 ortam:
1006 858 1094 902 δόξειε
1118 856 1142 891 δ’
1165 854 1198 891 (ἲν
1221 855 1312 904 ταύτῃ

158 916 226 948 εἶναι
251 916 343 957 φιλία,
368 911 388 960 ᾗ
410 913 501 948 οὐκέτι
527 913 576 947 δύο
603 913 636 947 τά
661 913 737 948 αὑτά
760 917 909 956 (Coraesz
932 930 978 958 γρ.
1002 910 1023 961 ἦ
1045 913 1107 948 οὐκ
1136 913 1218 947 ἔστι
1248 911 1313 947 δύο

159 973 303 1012 ταῦτα),
326 973 345 1004 i.
371 983 398 1004 e.
423 976 565 1014 quatenus
587 973 691 1004 ambae
712 975 830 1005 animae
847 977 953 1015 partes
964 974 1034 1014 jam
1054 983 1114 1004 non
1136 974 1207 1004 sunt
1227 971 1312 1010 duae,

157 1030 213 1060 sed
229 1031 314 1069 fiunt
340 1040 430 1060 unum
458 1032 487 1060 et
514 1030 601 1060 idem.
650 1029 736 1061 Haec
768 1040 843 1061 sane
866 1030 960 1061 lectio
984 1028 1073 1060 aliter
1093 1027 1224 1068 intelligi
1248 1037 1312 1058 non

157 1092 280 1126 potest3
305 1091 337 1116 et
360 1077 528 1116 occurrunt
551 1085 633 1125 apud
649 1085 825 1116 Eudemum
838 1086 904 1127 jam
929 1085 1020 1127 hujus
1043 1082 1312 1125 interpretationis

156 1141 304 1183 vestigia:
328 1135 348 1184 ᾗ
370 1140 400 1172 ὸὲ
424 1138 461 1179 εἵς
481 1137 529 1171 καὶ
554 1136 723 1181 ἀδιαίρετος,
745 1137 856 1181 ἔρεκτός
880 1137 964 1179 αὐτὸς
987 1135 1076 1182 αὖτῷ.
1112 1140 1232 1171 Nostra
1255 1149 1311 1170 au-

156 1202 220 1228 tem
249 1197 342 1228 lectio
373 1207 480 1227 rursus
510 1196 596 1227 illum
629 1207 756 1227 sensum
787 1196 902 1228 habere
931 1197 1024 1238 plane
1054 1195 1174 1238 nequit.
1227 1195 1310 1227 Nam

155 1253 258 1294 primo
283 1253 321 1283 ad
346 1246 366 1296 ᾗ
389 1250 454 1283 ἐστι’
473 1251 631 1283 subaudiri
657 1252 787 1284 deberet
811 1244 993 1292 ὃὲἷνθρωπος
1017 1252 1066 1284 vel
1083 1247 1099 1293 ἡ
1116 1247 1212 1292 ψυχή,
1237 1261 1309 1282 cum

154 1308 325 1350 praecedat
349 1306 441 1347 φιλία,
466 1308 504 1338 ad
530 1319 623 1349 quam
647 1319 757 1339 vocem
781 1307 859 1339 haec
875 1308 1037 1340 referenda
1061 1312 1144 1338 sunt.
1184 1306 1309 1338 Deinde

153 1375 249 1396 voces
269 1364 298 1395 ἐκ
314 1363 366 1394 τῶν
381 1362 526 1405 εἰρημένων
541 1363 646 1394 referri
660 1363 812 1395 deberent
825 1364 865 1396 ad
881 1363 910 1402 Ι,
925 1375 952 1395 c.
980 1363 1030 1402 13,
1044 1363 1071 1404 ᾧ.
1098 1362 1127 1394 9.
1152 1373 1231 1404 sqq„
1255 1361 1310 1392 ubi

153 1420 275 1451 animae
285 1420 486 1461 partitionem
497 1424 605 1450 auctor
614 1425 835 1460 proposuerat,
847 1431 918 1451 cum
926 1425 1030 1451 tamen
1039 1430 1113 1451 mox
1131 1419 1225 1457 (infra
1236 1418 1264 1459 §.
1273 1416 1308 1456 9)

155 1473 192 1507 nl
218 1475 346 1518 εἰρημένα
371 1476 435 1507 sint
457 1481 520 1506 tres
545 1475 594 1506 vel
619 1481 752 1517 quatuor
775 1476 844 1508 illae
872 1476 1050 1518 opiniones,
1075 1475 1114 1506 ad
1137 1486 1214 1517 quas
1239 1473 1307 1516 qui-

154 1532 226 1563 dem
268 1533 351 1564 solas
390 1531 483 1563 etiam
526 1531 595 1563 illae
638 1543 732 1564 voces
777 1532 883 1577 referri
930 1535 1076 1574 possunt.
1140 1530 1308 1562 Postremo

155 1588 181 1619 si
211 1588 313 1619 dicere
343 1587 494 1619 voluisset
524 1588 722 1626 Aristoteles,
753 1599 833 1630 quae
860 1593 951 1630 putat
974 1587 1149 1624 Eudemus,
1172 1585 1308 1628 partium

154 1644 276 1676 animae
307 1644 502 1675 mentionem
532 1643 708 1685 injecisset,
740 1644 825 1685 quod
850 1643 923 1675 fecit
947 1643 1126 1681 Eudemus;
1151 1652 1224 1672 nam
1249 1640 1308 1672 sub

151 1700 282 1732 vocibus
307 1697 357 1731 δύο
382 1695 400 1741 ἢ
424 1699 511 1732 πλείω
535 1700 653 1731 nemini
678 1700 736 1732 hae
760 1705 864 1741 partes
893 1699 990 1731 latere
1020 1697 1198 1730 censendae
1221 1702 1306 1729 sunt.

155 1756 333 1788 Secundam
359 1756 486 1797 quidem
512 1767 550 1787 ex
574 1756 621 1787 his
647 1755 763 1787 nostris
781 1755 1012 1798 objectionibus
1028 1754 1107 1786 vitat
1130 1752 1176 1785 Kb
1200 1753 1306 1795 legens

152 1807 173 1856 ᾗ
191 1809 250 1843 ἐστὶ
264 1809 315 1843 δύο
328 1806 346 1853 ἢ
363 1810 449 1842 πλείω
462 1806 479 1852 ἢ
493 1811 521 1842 ἐκ
538 1810 588 1842 τῶν
600 1810 754 1853 εῲημένων,
769 1817 888 1843 ceteras
900 1821 976 1842 vero
989 1811 1127 1852 integras
1140 1809 1304 1851 relinquit:

148 1873 314 1910 utramque
335 1873 441 1899 autem
460 1867 703 1908 explicationem
718 1867 895 1909 conjungit,
910 1878 981 1898 cum
997 1860 1019 1912 ᾗ
1035 1863 1097 1898 ἐστὶ
1115 1861 1165 1896 δύο
1188 1859 1306 1906 ἢπλείω

151 1924 190 1955 ad
214 1924 362 1965 priorem,
388 1918 406 1965 ἧ
429 1923 458 1955 ἐκ
483 1923 536 1955 τῶν
560 1922 704 1964 εἰρημένων
729 1923 768 1955 ad
799 1923 1007 1965 posteriorem
1029 1920 1194 1954 referenda
1224 1920 1305 1960 sint;

149 1979 193 2011 ita
215 1986 251 2011 ut
274 1986 348 2019 tres,
374 1991 437 2011 non
464 1980 542 2012 duas
567 1984 686 2011 statuat
710 1979 859 2018 rationes,
884 1990 939 2011 cur
961 1989 1034 2020 erga
1051 1989 1086 2009 se
1105 1977 1209 2019 ipsum
1227 1975 1304 2008 ami-

151 2036 223 2068 citia
246 2025 317 2068 es‘se
341 2036 490 2067 videatur.
537 2035 651 2068 Lectio
675 2035 881 2068 vetustissimi
908 2035 1002 2077 hujus
1027 2033 1143 2066 codicis
1175 2038 1208 2065 et
1237 2032 1305 2074 ipsa

150 2103 168 2122 a
192 2092 328 2133 quodam
356 2103 372 2123 e
397 2092 613 2135 Peripateticis
638 2093 778 2134 profecta
802 2096 852 2123 est
869 2091 1052 2133 magistrum
1076 2095 1109 2122 et
1131 2088 1302 2130 discipulos

149 2146 231 2179 inter
252 2157 286 2179 se
311 2147 476 2179 conciliare
500 2147 658 2189 cupiente.
684 2147 835 2179 Ceterum
862 2146 1048 2179 Aristoteles
1076 2146 1154 2188 ipse,
1186 2143 1239 2176 ubi
1263 2143 1303 2176 de
