1439 2342
171 37 244 76 318
444 38 624 65 Commenta.
646 36 680 64 nd
701 37 809 64 Ari-tot.
830 35 917 64 Echio.
940 35 1043 63 Nicom.

1358 26 1369 51 «2

1301 68 1379 122 ..2

173 153 206 181 et
230 147 338 186 dolor;
363 156 437 188 ergo
461 151 549 177 ortus
573 146 657 176 est.“
680 144 765 176 Tum
789 144 994 186 interrogatio
1014 143 1104 175 initio
1129 143 1157 184 ᾧ.
1180 152 1245 174 non
1267 151 1324 174 ne·
1368 147 1371 153 '

173 204 309 246 t«ratione,
323 201 381 233 sed
398 200 609 242 explicatione
626 200 792 242 excipitur,
817 210 896 242 quae
919 199 1099 232 continetur
1115 197 1324 231 orationibus:
1371 194 1381 230 ἦ

174 261 255 291 δοκεῖ
273 255 339 298 γάρ,
362 254 410 288 καὶ
435 251 469 288 οὗ
490 255 602 297 γένεσις,
625 254 674 288 καὶ
698 255 814 298 λέγουσι
838 255 885 288 δέι
909 262 942 288 et
965 256 1075 288 melius
1106 255 1201 287 verba
1223 251 1272 286 καὶ
1295 247 1330 286 οὗ

173 314 275 356 γένεα-ις
299 332 343 337 -
367 310 471 353 φθοραί
496 312 674 354 Giphanius
687 317 724 344 ut
747 313 830 354 apud
848 312 1052 352 Aristotelem
1066 311 1252 344 affirmative
1268 321 1326 353 po-

174 375 238 402 test
261 369 444 411 intelligere,
467 380 538 400 cum
564 369 648 410 apud
673 369 867 411 Acciajolum
899 369 1061 410 negative,
1092 368 1122 400 in
1152 367 1327 409 Paraphra-

175 432 243 458 stae
266 425 524 467 interpretatione
548 424 728 456 dubitanter
751 425 959 466 proferantur.

265 483 292 523 ξ.
318 481 347 514 6.
394 477 443 522 τὴν
466 479 514 522 μὲν
537 476 644 522 λύπην)
669 480 786 512 Addidi
814 481 860 522 μέν
885 481 945 520 (sic
969 486 1001 513 et
1024 481 1108 520 Ven)
1133 485 1207 512 ante
1238 477 1329 521 λύπην

176 550 247 571 cum
271 537 371 570 Zellio
397 543 428 568 et
453 537 546 578 paulo
571 541 646 577 post
677 540 770 575 (cum
801 537 1034 579 paraphraste)
1060 534 1096 568 τά
1126 542 1199 568 ante
1230 533 1328 578 πάθη,

176 600 343 636 utrumque
368 604 384 624 e
409 592 499 624 Zellii
523 592 701 631 codicibus;
726 593 952 625 confirmantur
969 594 1036 636 jam
1064 605 1147 625 nunc
1177 592 1329 625 lectiones

176 651 236 682 hae
266 662 284 682 a
314 649 488 682 Cardwello
519 654 552 680 et
580 649 728 680 Bekkero
764 660 892 681 suorum
928 650 1072 682 codicum
1111 649 1329 682 auctoritatem

178 706 306 739 secutis.
331 724 373 728 ——
397 701 497 746 ἡδονή)
523 701 540 746 ἡ
565 701 650 747 ἡδονή
673 706 909 748 Ρειτερὴταεῐεε,
935 706 1124 744 Eustratius‚
1149 706 1236 744 Ven,
1260 705 1330 743 Par,

177 762 351 795 Bekkerus.

268 819 295 860 ᾧ.
320 818 350 850 8.
375 814 424 849 καὶ
449 814 497 848 διαὶ
523 816 571 858 τῆς
597 814 780 857 ὀσφρήσεως)
809 818 975 860 Vulgatam
999 817 1052 849 καί
1079 817 1172 855 tueri,
1187 817 1333 850 videntur

178 875 250 913 NC,
265 874 362 912 CCC,
376 874 436 905 Par
460 879 493 905 et
514 875 601 912 Vrat,
624 885 696 906 cum
721 873 942 905 VVilkinsonus
967 875 996 905 αἱ
1021 885 1059 905 ex
1082 874 1121 906 El
1137 873 1332 912 assumserit,

179 935 212 962 et
240 930 356 962 Zellius
391 929 443 961 καί
474 930 572 961 edens
616 930 654 961 de
686 929 751 961 suis
782 935 888 962 taceat
919 930 1096 962 codicibus:
1134 931 1179 962 sic
1216 929 1334 962 habent

179 997 304 1028 quoque
329 984 376 1017 Ob
400 991 432 1018 et
444 986 530 1025 Ven3
555 986 623 1027 lege
648 997 717 1017 cum
744 985 858 1024 Corae,
879 986 1054 1018 Cardwello
1078 992 1111 1018 et
1134 986 1278 1018 Bekkero
1303 985 1333 1017 αἶ

177 1054 235 1084 pro
259 1041 311 1074 καί
331 1053 369 1074 ex
393 1042 444 1082 El,
468 1043 524 1081 H·¹‚
548 1041 605 1081 Kb,
630 1040 685 1081 L¹',
715 1040 778 1080 Mb,
809 1041 866 1074 N¹'.
921 1042 1058 1074 Coraes:
1088 1038 1212 1074 ὑπονοεῖν
1241 1041 1333 1084 μέντοι

180 1098 302 1140 παρέχει
327 1095 341 1130 ὅ
363 1095 527 1140 σύνδεσμος,
551 1094 662 1140 μήποτε
688 1097 845 1139 ἐγέγραπτο
872 1095 973 1136 πάλαι,
997 1099 1033 1130 αἱ
1055 1095 1114 1130 &ad
1145 1098 1206 1139 τῆς
1238 1094 1333 1138 ἇφῆς

177 1152 240 1187 καὶ
264 1151 324 1186 &zoi
348 1153 408 1195 τῆς
434 1150 665 1196 ὀσφρήσεως.
698 1173 734 1178 ——
757 1151 865 1186 πολλαὶ
889 1153 935 1195 ὁέ)
960 1155 1124 1187 Bekkerus
1141 1166 1179 1187 ex
1196 1155 1250 1194 H‘,
1275 1152 1332 1193 Kb,

178 1210 226 1243 Nb
249 1207 356 1249 πολλά,
381 1211 575 1252 conjungens
605 1222 677 1242 cum
711 1206 854 1252 ὁράματα.
902 1210 965 1243 Sed
995 1211 1176 1252 spectacula
1206 1221 1333 1252 semper

179 1267 246 1298 sine
271 1266 379 1298 dolore
404 1272 488 1305 sunt,
513 1277 587 1308 spes
617 1271 650 1297 et
673 1266 823 1297 memoria
853 1277 917 1297 non
950 1277 1092 1308 semper,
1123 1277 1170 1298 ex.
1201 1278 1246 1308 gr.
1277 1277 1332 1298 ex-

179 1323 319 1365 pectatio
342 1334 445 1354 rerum
471 1322 607 1354 tristium
633 1328 665 1353 et
688 1321 839 1354 memoria
862 1333 964 1353 rerum
988 1323 1136 1364 turpium.
1159 1340 1202 1345 -—
1227 1319 1333 1360 οὐδενὸς

179 1377 233 1420 γὰρ
260 1398 300 1404 -
325 1375 554 1420 ἀναπληρώσεις)
574 1378 696 1410 Quater
720 1378 910 1419 singularem
928 1379 1018 1418 ponit
1040 1389 1097 1419 pro
1122 1378 1231 1419 plurali
1248 1378 1332 1410 Bek-

180 1435 274 1467 kerus
299 1435 471 1466 secundum
497 1435 623 1466 codices
648 1445 722 1465 suos
748 1439 881 1475 excepto
906 1432 960 1472 Ι),
985 1434 1048 1476 qui,
1072 1439 1107 1465 ut
1138 1434 1215 1472 Par,
1245 1434 1333 1472 Vrat,

180 1491 251 1530 Ald,
275 1492 342 1522 Ven
368 1490 533 1522 nobiscum
558 1490 642 1522 facit.
677 1490 868 1521 Cardwellus
894 1495 926 1521 et
942 1490 1161 1521 Wilkinsonus
1186 1490 1254 1521 sine
1278 1501 1334 1522 co-

181 1547 286 1579 dicum
306 1546 456 1578 varietate
474 1546 567 1577 tertio
585 1551 617 1577 et
635 1551 745 1588 quarto
765 1550 887 1577 tantum
904 1546 974 1577 loco
991 1540 1186 1587 singularem*
1199 1551 1333 1588 ponunt.

272 1603 299 1643 ξ.
325 1602 354 1633 9.
379 1599 492 1640 ἁπλῶς)
525 1602 654 1633 Omittit
685 1602 878 1633 Cardwellus
909 1607 940 1633 et
969 1602 1131 1634 Bekkerus
1161 1602 1333 1634 secundum

183 1659 237 1697 H¹¹‚
261 1656 318 1695 Kb,
343 1656 410 1697 Mb3
436 1662 511 1693 tunc
538 1657 605 1688 effic
630 1657 725 1689 habet
747 1669 876 1689 sensum
901 1668 992 1689 verae
1017 1657 1218 1696 existentiae,
1250 1658 1334 1699 quod

182 1713 234 1745 καί
260 1714 389 1745 innuere
414 1713 507 1744 etiam
535 1714 667 1745 videtur.
705 1715 808 1745 Fluxit
831 1710 928 1752 ἁπλῶς
946 1714 1075 1745 forsitan
1093 1725 1109 1744 e
1127 1714 1335 1755 Paraphraste

183 1775 215 1801 et
237 1770 496 1811 interpretatione
522 1770 682 1801 Eustratii.
731 1769 950 1801 W'ilkinsonus
981 1775 1013 1800 et
1036 1770 1154 1801 Zellius
1178 1769 1335 1811 vulgatam

183 1826 353 1857 referentes
377 1825 493 1856 variam
518 1826 684 1857 lectionem
704 1826 838 1857 afferunt
855 1825 983 1863 nullam,
1008 1826 1051 1856 ita
1075 1831 1109 1856 ut
1133 1825 1335 1864 dubitaveris,

183 1893 258 1913 num
289 1881 414 1913 codices
445 1892 553 1913 eorum
586 1882 720 1923 inspecti
751 1881 873 1913 suerint.
928 1881 996 1913 Nec
1033 1881 1144 1919 video,
1175 1881 1336 1923 quomodo

183 1937 299 1980 aliquid
325 1937 509 1979 simpliciter
528 1938 702 1979 jucundum
721 1949 792 1969 esse
817 1937 929 1979 possit,
953 1937 1036 1979 quod
1059 1937 1103 1968 ita
1126 1948 1190 1980 non
1213 1937 1254 1969 sit
1276 1937 1337 1969 nisi

184 1993 381 2036 quibusdam.

271 2050 298 2090 ᾗ.
325 2049 376 2082 10.
422 2046 481 2081 ἀπό
508 2063 539 2090 ,γε
570 2046 698 2089 τούτων)
731 2050 928 2082 Eustratius:
963 2051 1008 2081 δεῖ
1029 2045 1078 2088 τὰς
1102 2046 1201 2091 ἡδονάς
1225 2045 1337 2090 ἀγαθὸν

183 2102 231 2136 καὶ
255 2102 366 2145 αἱρετοές
390 2105 475 2147 λέγειν
501 2103 551 2145 τοὶς
574 2102 633 2137 ἀπὸ
658 2105 711 2137 τῶν
727 2102 849 2147 ἀληθῶς
861 2101 958 2143 ν’·ὃέωυ,
983 2102 1103 2147 ἀληθῶς
1127 2103 1160 2136 δέ
1172 2103 1240 2136 εἰσιν
1263 2100 1336 2145 ἡδέα

1367 231 1383 297 ³.

1376 359 1387 416 er„-
1378 301 1383 315 ⁴
