1439 2342
0 0 492 78 r-j

474 106 546 133 Libri
567 107 587 133 1.
629 106 694 142 Cap.
710 106 781 133 vm.
1157 108 1199 141 51

47 219 120 245 runt
135 214 315 246 Eustratius
339 219 372 246 et
387 214 534 246 Donatus
550 214 728 257 Acciajolus
748 216 901 257 principia
916 216 1099 256 medicinae,
1124 229 1203 260 quae

47 270 240 311 experientia
264 269 342 302 duce
371 269 583 301 inveniuntur.
629 271 793 302 Hactenus
816 272 1005 304 Aristoteles
1035 273 1204 315 empiricus

47 325 145 357 videri
173 325 306 366 poterit,
337 325 452 367 quippe
476 326 529 367 qui
560 336 599 357 ex
629 326 834 368 singularium
863 338 968 360 rerum
999 330 1204 371 perceptione

47 381 201 422 analytice
231 380 271 411 ad
302 380 490 412 universalia
519 387 551 413 et
580 382 734 423 principia
764 383 925 415 ascendat.
978 384 1042 416 Sed
1072 397 1142 417 cum
1172 386 1203 417 in

47 435 186 468 scientiis
210 436 287 468 item
312 447 330 468 a
352 437 514 478 principiis
543 437 582 468 ad
611 437 778 479 singularia
810 439 988 480 synthetice
1013 440 1205 473 descendere

47 492 263 532 consueverit,
289 493 356 534 jam
380 493 555 525 secundum
579 504 651 525 eum
683 499 794 525 mutuo
817 494 1004 526 universalia
1035 506 1074 527 ex
1097 497 1204 538 singu-

47 547 161 580 laribus
192 552 225 580 et
254 548 424 590 singularia
458 560 496 581 ex
524 550 753 582 universalibus
782 551 998 592 percipiuntur
1027 556 1059 583 et
1089 553 1204 584 confir-

46 609 181 636 mantur.
234 604 410 637 Methodus
445 605 538 646 igitur
566 606 747 638 Aristotelis
782 612 832 638 est
865 618 924 638 nec
962 607 1117 648 analytica
1147 619 1206 639 nec

48 659 226 702 synthetica
242 660 319 699 sola,
343 672 402 692 nec
425 672 680 703 unamquamque
704 672 760 703 per
777 673 810 694 se
834 669 966 704 usurpat
980 663 1204 704 Philosophus.

48 715 113 747 Sed
136 727 208 747 cum
233 727 250 747 e
273 716 434 758 principiis
466 717 505 748 ad
537 717 705 758 singularia
736 723 801 756 eat,
835 724 867 749 et
891 729 907 749 e
932 718 1142 760 singularibus
1166 720 1205 750 ad

46 771 200 813 principia
222 772 347 810 redeat,
378 783 442 803 non
471 777 558 803 recta
587 773 687 811 linea,
718 779 753 804 ut
781 774 825 804 ita
848 774 966 812 dicam,
997 775 1205 816 progreditur,

47 828 104 859 sed
132 827 248 859 circulo
276 827 308 858 in
333 838 368 859 se
400 827 568 859 revertitur
599 825 812 870 (ἀνακάμπτει,
840 833 876 860 ut
906 829 1045 870 loquitur
1074 830 1143 871 ipse
1173 830 1206 861 in

46 883 126 915 Met.
149 883 192 921 11,
218 883 278 922 2);
307 888 340 914 et
361 883 413 915 hic
437 883 571 916 circulus
595 895 660 915 non
686 891 736 916 est
758 884 907 923 vitiosus,
933 885 990 917 sed
1012 896 1087 917 vera
1109 886 1205 917 etiam

45 943 174 971 nostrae
196 939 415 980 philosophiae
442 940 628 978 methodus,
659 942 855 982 conjungens
884 937 917 971 τὸ
941 937 1001 972 cim*
1029 941 1083 972 τῶν
1106 938 1205 974 cimo-

46 994 138 1028 ἓετᾶῖν
160 992 205 1025 ἐπὶ
228 991 261 1026 τὸ
278 994 364 1034 πέρας
387 1006 458 1027 cum
475 995 516 1036 τῷ
535 993 684 1034 ἀνάπαλιν,
701 997 740 1028 de
753 1007 815 1038 quo
833 1007 928 1038 supra
947 996 1143 1038 disputatum
1157 1002 1207 1028 est

47 1062 74 1083 c.
99 1051 138 1089 4,
164 1051 191 1091 ξ.
217 1052 248 1083 5.
294 1051 370 1082 Νοη
393 1056 443 1082 est
465 1051 558 1092 igitur
587 1052 755 1093 empiricus
779 1052 987 1090 Aristoteles,
1019 1053 1206 1093 praesertim

47 1117 119 1139 cum
150 1107 181 1137 in
205 1117 284 1138 voce
314 1099 407 1145 ἄλλως
438 1107 515 1138 alius
545 1108 647 1139 adhuc
677 1109 790 1139 modus
820 1108 912 1147 insit,
943 1119 1036 1149 quem
1059 1108 1206 1139 Muretus

46 1167 134 1195 recte
156 1162 249 1201 vidit,
274 1174 345 1194 cum
372 1163 463 1194 dicit:
488 1163 654 1204 „Simplici
677 1164 793 1195 mentis
817 1163 1069 1204 apprehensione
1090 1163 1206 1194 intelli-

46 1218 165 1261 gimus,
194 1218 234 1250 de
258 1218 400 1260 quolibet
429 1230 536 1250 veram
560 1230 631 1252 esse
664 1219 907 1250 affirmationem
936 1224 991 1250 aut
1012 1219 1205 1260 negantiam,

46 1275 86 1306 de
119 1274 207 1306 nullo
241 1278 348 1306 autem
381 1280 547 1316 utramque
582 1275 710 1306 simul.“
766 1275 957 1316 Hujusmodi
999 1279 1074 1305 sunt
1109 1274 1205 1306 etiam

42 1341 170 1363 summa
183 1330 477 1372 Metaphysicorum
501 1330 664 1372 principia,
691 1342 769 1372 quae
794 1331 861 1362 sola
886 1330 1002 1362 mentis
1021 1330 1205 1371 operatione

46 1386 270 1428 percipiuntur.

136 1443 164 1483 ξ.
189 1442 242 1475 21.
290 1439 447 1482 πεφύκασι)
473 1442 579 1473 Schol.
608 1442 707 1473 Paris.
733 1453 782 1482 ap.
809 1442 886 1472 Zell.
917 1441 1075 1482 explicant
1097 1441 1206 1471 addito

47 1497 253 1539 γνωρίζεσθαι,
276 1498 502 1538 Paraphrastes
527 1497 703 1529 δείκιυσὲαι.

408 1547 424 1555 „1

137 1554 166 1594 ξ.
191 1554 243 1586 22.
292 1555 372 1583 ciens?
392 1553 446 1592 cius)
472 1550 527 1593 γάρ
551 1564 609 1593 pro
633 1546 677 1583 οἶν
700 1553 754 1590 El,
780 1552 857 1589 ΝΟ,
881 1550 938 1588 Kb,
962 1550 1020 1589 ΝΒ,
1046 1551 1206 1582 Cardwel-

0 1630 3 1639 ,
47 1610 107 1648 lus,
130 1608 305 1640 Bekkerus.
329 1629 373 1633 —
397 1603 484 1649 ἥμισυ
509 1608 560 1639 τοῦ
585 1605 697 1648 παντός)
723 1608 847 1639 Tritum
871 1606 1072 1648 proverbium
1096 1617 1206 1638 occur-

48 1665 88 1697 rit
109 1664 270 1696 Problem.
294 1664 341 1702 X,
368 1663 420 1702 13,
445 1670 477 1694 et
501 1664 638 1704 saepius.
666 1682 703 1686 —
734 1662 862 1705 ἐμφανῆ)
891 1661 1053 1693 Exhibent
1074 1662 1120 1693 ita
1142 1660 1206 1700 Mb,

47 1721 286 1762 ParaphrasteS,
310 1720 383 1758 Ald,
408 1719 586 1757 Turnebus,
611 1719 785 1757 Morellius,
809 1729 869 1750 nec
884 1728 948 1749 non
971 1728 1044 1759 pars
1061 1717 1206 1749 codicum

48 1776 197 1815 Victorii3
230 1775 342 1807 melius
368 1775 559 1807 Cardwellus
584 1780 616 1806 et
639 1775 801 1806 Bekkerus
832 1775 990 1816 vulgatam
1014 1773 1206 1815 corrigentes

50 1831 201 1874 συμφανῆ,
225 1843 298 1863 cum
322 1831 523 1862 consentiant
546 1830 671 1862 codices
695 1830 752 1869 El,
776 1830 855 1868 NC,
881 1830 985 1867 CCC,
1015 1830 1093 1867 Par,
1117 1830 1204 1867 Vrat,

0 1890 6 1918 -ἶ
49 1888 106 1926 Η”,
129 1886 187 1926 Kb,
211 1885 266 1925 Lb,
290 1885 349 1926 Nb,
374 1885 432 1925 Ob,
456 1891 489 1918 et
510 1887 591 1917 Ven.
764 1891 767 1893 ’

141 1942 241 1974 CAP.
258 1942 352 1973 vm.
386 1943 414 1984 ξ.
430 1943 460 1975 1.
486 1943 578 1983 (Cap.
595 1941 686 1980 VIII.)
707 1938 802 1982 αὐτῆς)
822 1941 1036 1973 Grammatice
1050 1940 1128 1971 haec
1143 1950 1206 1970 vox

52 1999 91 2031 ad
111 1996 204 2040 ἀρχῆς
227 1999 390 2029 referenda
413 2004 472 2036 est,
498 2009 626 2029 sensum
647 2008 723 2028 vero
747 1997 773 2028 si
797 2003 933 2039 spectes,
959 1997 997 2027 ad
1021 1993 1204 2036 εὐδαιμονίαν,

51 2054 137 2086 Nihil
159 2055 302 2092 interest,
326 2059 398 2085 utro
423 2054 519 2084 modo
544 2053 690 2094 explices,
716 2053 832 2094 quippe
856 2064 928 2084 cum
953 2048 1034 2091 ἀρχή
1056 2051 1108 2081 illa
1131 2050 1207 2081 nihil

0 2126 10 2143 ι
53 2109 133 2142 aliud
165 2115 206 2141 Sit
236 2121 330 2151 quam
365 2106 535 2150 εὐδαιμονία.
591 2109 676 2140 Scite
708 2108 802 2150 igitur
831 2107 1074 2149 paraphrastes:
1113 2104 1207 2136 ταῦτα

0 2181 9 2200 t·
53 2164 100 2206 μὲν
123 2159 168 2196 οἶν
198 2162 330 2197 καθόλου
361 2162 424 2205 περὶ
448 2164 501 2196 τῶν
533 2161 630 2204 ἅρχῶν
661 2162 781 2205 εἴρηται.
815 2161 879 2203 περὶ
903 2162 932 2194 δὲ
957 2162 1006 2203 τῆς
1029 2161 1208 2203 προκειμένης

960 2215 976 2240 4
991 2214 1003 2225 *k
