1439 2342
509 63 580 91 Libri
603 65 622 91 l.
664 64 728 100 Cap.
752 65 771 91 Ι.
1216 66 1239 99 5

80 169 321 209 enuntiationis,
346 182 425 213 quae
448 171 559 213 incipit
582 167 648 204 ὅσαι
673 169 697 204 δ’
720 172 790 210 εἰσ-ί,
814 173 907 204 ordiri
931 173 1070 213 videtur,
1095 176 1236 207 omnium

78 226 142 257 fere
159 237 335 266 consensu;
359 232 427 258 tum
443 227 548 268 posita
564 233 651 260 esset
666 239 724 269 pro
741 226 788 269 δή,
809 240 902 271 quam
927 229 1014 260 solus
1040 229 1167 262 exhibet
1184 231 1237 262 Mb

79 285 111 312 et
128 282 248 313 Coraes
269 282 300 313 in
317 287 438 313 textum
454 283 584 324 recepit,
609 284 752 325 apodosi,
776 290 813 315 ut
828 285 914 322 dicit,
939 286 1130 326 postulante.
1172 288 1236 318 Sed

77 342 163 368 recte
181 338 248 378 jam
273 338 350 368 vidit
372 338 503 369 Krische
535 339 577 379 (in
602 339 800 370 Recensione
831 340 923 381 hujus
954 352 1042 372 meae
1073 342 1236 374 editionis:

77 394 237 432 Jenaisqhe
256 393 584 436 Literatzcr-Zeittmg,
615 396 780 426 December
806 395 907 433 1835,
936 407 968 437 p.
992 397 1089 437 403),
1120 409 1236 430 anaco-

79 448 187 479 luthon
203 449 310 490 potius
326 449 377 481 hic
392 455 527 488 exstare,
551 462 634 488 cum,
659 451 840 491 parenthesi
863 452 1037 493 interjecta,
1063 448 1129 484 ἕσαι
1155 454 1240 485 ὁέῐσί

77 509 232 535 mutatum
256 505 298 536 sit
320 505 351 536 in
376 505 401 536 ἐν
425 502 553 541 ἁπάσαις
577 506 616 540 ὁέ,
640 507 684 537 ita
707 512 743 537 ut
765 507 918 548 particula
941 506 974 538 ὁέ
994 512 1118 539 tantum
1141 509 1235 540 itere-

77 565 142 598 tur:
165 561 252 602 cujus
277 561 321 592 rei
341 561 442 593 simile
466 563 646 603 exemplum
671 563 747 593 citat
763 563 906 604 Metaph.
924 563 945 601 Ι,
968 564 976 594 Ι
1008 565 1049 604 (p.
1066 565 1096 602 5,
1121 564 1141 595 l.
1162 565 1235 597 4-7

76 616 290 655 ed.Brandis).
312 617 447 649 Bekkeri
462 618 555 659 igitur
567 619 780 660 interpunctio
793 619 957 650 claudicat.
982 620 1134 651 Nonnulli
1144 621 1237 661 (inter

76 683 155 713 quos
175 673 390 714 Argyropylus
414 674 493 715 ipse)
519 675 718 715 distingutuit
740 679 816 715 post
840 674 890 705 τῶν
914 672 1055 712 τοιούτων,
1080 676 1235 717 apodosin

76 728 261 769 incipientes
288 729 326 759 ab
359 725 413 760 ὑπὸ
437 729 515 770 play:
553 731 748 770 Quaecunque
776 742 847 761 vero
877 732 1040 770 hujusmodi
1070 735 1154 771 sunt,
1181 734 1235 764 uni

76 785 168 815 alicui
189 785 337 824 facultati
371 786 574 825 sufficiuntur.
630 786 694 817 Sed
728 786 831 827 primo
860 786 1075 818 duriusculum
1110 787 1236 819 videtur

76 840 229 871 omissum
260 841 392 872 alterum
422 831 480 872 iis(
506 847 581 882 post
612 839 735 883 ὸιῖιαμιυ.
782 841 907 873 Deinde
933 854 973 874 ne
997 848 1082 874 recte
1106 844 1233 884 quidem

75 906 109 926 se
125 895 256 927 haberet
271 907 383 927 sensus
401 897 563 928 orationis.
599 898 674 928 Non
690 897 774 928 enim
799 909 911 929 omnes
928 903 1011 929 artes
1035 899 1094 930 hae
1111 910 1235 930 earum-

75 962 136 992 que
160 952 278 983 similes
309 953 381 993 (hoc
410 953 494 984 enim
525 953 680 994 significat
707 956 762 984 τῶν
791 951 935 994 τοιούτων)
966 954 1025 986 sub
1053 966 1149 986 unam
1180 956 1235 987 ali-

75 1019 169 1049 quam
192 1008 373 1040 facultatem
397 1009 606 1047 reducuntur,
631 1020 703 1040 cum
727 1010 812 1040 dicat
830 1010 898 1050 ipse
921 1010 953 1041 in
976 1011 1040 1042 fine
1062 1012 1235 1052 parenthe-

75 1064 136 1102 sis,
168 1064 243 1094 alias
275 1075 346 1095 esse
375 1065 442 1095 aliis
473 1064 642 1106 subjectas.
690 1066 734 1095 Et
757 1065 881 1097 etiamsi
911 1070 1016 1098 exstat
1044 1078 1109 1098 una
1133 1067 1236 1109 aliqua

76 1131 199 1151 summa
222 1120 370 1159 facultas,
394 1120 453 1152 sub
477 1132 571 1162 quam
597 1131 670 1158 eae,
695 1132 773 1161 quas
796 1121 1030 1161 nominaverat,
1059 1134 1236 1165 omnesque

76 1180 198 1207 ceterae
228 1176 433 1215 reducantur,
464 1187 580 1218 nempe
610 1176 740 1218 politica
770 1177 820 1217 (cf.
851 1177 931 1209 infra
961 1189 987 1209 c.
1013 1179 1050 1217 2,
1083 1180 1110 1220 ξ.
1141 1179 1235 1220 4-5),

74 1237 180 1263 tamen
206 1232 245 1263 de
274 1232 327 1263 illa
354 1233 415 1263 hoe
439 1233 567 1273 quidem
596 1232 667 1263 loco
702 1244 767 1263 non
793 1233 861 1274 jam
892 1233 1010 1275 cogitat
1034 1235 1234 1274 Aristoteles,

75 1298 144 1320 eam
167 1288 269 1329 ipsam
293 1282 335 1319 ob
359 1300 487 1320 causam
504 1288 589 1330 quod
613 1289 716 1319 adhuc
732 1290 771 1320 de
794 1289 936 1331 pluribus
960 1290 1116 1332 ejusmodi
1137 1292 1234 1323 facul-

74 1344 191 1375 tatibus
215 1350 248 1375 et
270 1345 309 1375 de
332 1344 474 1386 pluribus
498 1344 604 1376 τέλεσιν
629 1341 868 1385 dcxli-sarcum&
892 1346 1040 1387 loquitur.
1086 1347 1235 1389 Denique

74 1400 155 1431 inter
171 1411 224 1431 eas
240 1400 325 1442 ipsas
342 1406 436 1439 artes,
450 1413 528 1442 quas
544 1401 772 1440 nominaverat,
787 1407 861 1433 sunt
874 1403 1028 1443 quaedam
1044 1408 1234 1444 praeeuntes

74 1461 168 1498 atque
191 1456 384 1498 imperansszs
409 1454 679 1497 (ἅρχιτεκτοινικαί),
703 1458 839 1499 exempli
863 1458 962 1499 gratia
985 1457 1174 1501 στρατηγική,
1199 1465 1235 1491 ut

74 1513 242 1554 exponitur
271 1513 303 1543 in
332 1513 531 1554 parenthesi:
561 1514 604 1544 ita
634 1518 671 1544 ut
700 1525 766 1545 non
798 1525 908 1545 omnes
938 1515 1120 1556 hujusmodi
1151 1520 1234 1547 artes

74 1568 235 1610 subjectae
265 1569 327 1599 diei
355 1569 491 1610 possint.
519 1588 553 1590 —
592 1566 629 1600 vd
660 1569 713 1600 τῶν
746 1566 981 1609 ἇςχιτεκτσνικῶν
1005 1570 1084 1611 τέλη)
1116 1571 1234 1602 Zellius

74 1624 269 1666 Giphanium
300 1630 444 1655 secutus:
485 1625 783 1664 „Architectonicae
813 1626 978 1658 facultates
1009 1632 1042 1658 et
1071 1632 1154 1658 artes
1179 1638 1234 1659 eae

74 1685 157 1718 sunt,
176 1691 256 1721 quae
271 1680 483 1722 principatum
500 1686 612 1712 tenent
629 1686 663 1712 et
678 1681 867 1722 reliquarum
892 1682 1067 1713 ministerio
1083 1687 1233 1722 utuntur3

73 1736 340 1778 quemadmodum
377 1736 556 1768 architectis
592 1737 624 1767 in
654 1737 846 1769 exstruendo
881 1738 1024 1770 aedificio
1052 1739 1235 1770 deserviunt

72 1792 203 1834 lignarii,
216 1792 344 1831 ferrarii,
360 1793 449 1832 fabri,
464 1793 595 1824 ceteri.“
626 1793 851 1834 paraphrastes
866 1794 963 1833 addit,
978 1795 1112 1826 formam
1139 1794 1232 1836 (εἶδες)

73 1853 106 1879 et
118 1848 258 1889 regulam
274 1846 396 1889 (κανόνα)
414 1849 527 1890 agendi
539 1849 652 1880 ceteris
676 1848 716 1879 ab
738 1849 807 1890 ipsa
829 1850 946 1891 porrigi
968 1856 1035 1882 arte
1058 1851 1232 1892 principali.

162 1905 191 1945 ξ.
224 1906 255 1937 5.
308 1904 437 1945 διαφέρει
467 1901 580 1944 fadai)
610 1905 791 1936 Eustratius
823 1910 855 1937 et
883 1906 1112 1948 Paraphrastes
1147 1912 1233 1938 recte

73 1960 244 2001 explicant:
286 1960 506 2002 Quamquam,
537 1961 570 1991 in
595 1960 708 2002 quibus
732 1961 851 1993 artibus
875 1973 972 2003 opera
1004 1968 1079 1994 sunt
1108 1967 1234 2004 praeter

73 2016 292 2057 operationeS,
322 2016 354 2047 in
377 2017 415 2047 iis
439 2028 535 2058 opera
559 2017 795 2058 operationibus
824 2019 1055 2060 praestantiora
1079 2024 1153 2049 sunt
1183 2019 1233 2059 (cf.

73 2082 167 2113 supra
190 2073 218 2113 ξ.
243 2073 292 2112 2),
317 2077 425 2104 tamen
448 2072 517 2104 fieri
540 2078 665 2115 potest,
696 2078 733 2105 ut
755 2074 814 2105 arti
836 2074 1018 2116 principali,
1051 2074 1138 2116 cujus
1162 2074 1234 2105 finis

73 2132 123 2159 est
150 2128 307 2170 operatio,
334 2128 539 2170 subjiciantur
570 2129 647 2162 aliae
679 2134 780 2168 artes,
813 2130 926 2171 quibus
957 2141 1038 2172 opus
1070 2130 1157 2178 finis*
1173 2136 1230 2164 est.
