1439 2342
165 68 214 103 96
447 71 625 96 Commentar.
653 69 686 94 ad
706 69 815 95 Aristot.
836 68 922 95 Ethic.
945 68 1048 94 Nicom.

165 179 319 215 boniana,
355 177 419 208 suis
455 175 616 208 codicibus
648 174 878 217 pugnantibus,
913 174 1076 207 Bekkerus
1110 174 1215 217 δῆλον,
1249 174 1321 217 quia

166 235 244 265 infra
266 233 319 271 IV,
343 243 371 264 c.
396 234 427 269 5,
452 232 481 273 ξ.
506 231 557 269 14,
584 230 639 262 ubi
662 236 771 262 nostra
795 231 824 272 ᾧ.
847 229 959 262 iisdem
983 231 1048 263 sere
1071 230 1175 263 verbis
1198 229 1320 272 legitur,

167 293 270 321 exstat
300 286 394 328 ὸῆλον.
441 287 506 319 Sed
536 287 622 318 nulla
645 297 725 328 opus
749 291 799 318 est
827 286 1059 318 emendatione.
1106 287 1196 319 Neve
1225 282 1321 327 δηλόω

166 355 237 376 cuni
260 343 358 374 Zellio
386 354 483 375 sensu
513 342 712 374 intransitivo
736 342 869 384 accipias
903 344 950 383 (v.
975 353 1060 384 supr.
1091 342 1130 373 ad
1154 342 1184 380 1,
1215 352 1242 374 c.
1269 340 1321 380 13,

167 400 195 440 ξ.
222 399 298 438 12),
322 410 394 431 cum
416 398 496 431 verti
519 398 647 430 debeat:
683 399 747 437 Ea,
780 409 854 439 quae
883 401 1025 430 hactenus
1047 400 1196 438 cii-vimus,
1226 400 1321 429 oeten-

166 456 246 487 dunt.
270 475 314 481 —
345 454 412 486 τοι-ε’
433 473 476 478 -
501 453 581 494 τστέ)
607 453 802 487 Cardwellus
833 460 865 486 et
888 454 1051 486 Bekkerus
1075 465 1147 486 cum
1171 453 1234 491 11⁸,
1263 450 1321 490 Kb,

168 506 215 542 ἑτέ
239 529 276 534 -
304 507 358 542 ἑτέ.

543 685 808 729 LIBER
855 686 943 729 111.

257 790 355 822 CAP.
388 790 402 821 Ι
435 790 534 832 (Cap.
569 791 616 831 1).
671 790 753 822 Cum
788 790 818 821 in
852 789 1036 821 definitione
1064 789 1220 822 felicitatis
1249 789 1323 821 insit

166 845 264 887 ψυχῆς
287 846 423 887 ἐνέργεια,
453 845 570 888 quippe
592 846 760 877 virtutibus
785 857 824 877 ex
847 851 956 877 nostra
980 845 1164 886 operatione
1193 845 1321 877 orienti-

166 902 243 940 bus,
265 902 343 943 jam,
367 913 385 933 a
409 901 522 943 quibus
545 901 706 943 principiis
731 901 932 942 operationes
956 901 1093 932 hominis
1118 900 1321 942 proficiscan-

166 963 232 996 tur,
256 957 287 988 in
310 957 490 989 universum
518 957 732 998 Philosophus
755 957 911 998 inquirere
935 956 1046 995 debet,
1077 955 1258 998 priusquam
1282 956 1321 988 ad

166 1013 302 1054 singulas
326 1012 458 1044 virtutes
481 1012 656 1044 accuratius
673 1012 896 1044 describendas
921 1023 955 1043 se
979 1012 1131 1053 accingat,
1155 1011 1239 1053 quod
1261 1011 1321 1042 illis

166 1069 295 1100 demum
319 1068 449 1110 adjectis
472 1068 625 1109 generalis
649 1067 837 1099 Ethicorum
866 1078 937 1108 pars
966 1066 1148 1098 absolvitur.
1193 1067 1321 1099 Etenim

166 1124 205 1156 de
227 1124 436 1165 imputatione
460 1124 621 1155 actionum
646 1124 864 1165 expositurus,
899 1133 998 1164 genus
1022 1123 1146 1154 virtutis
1172 1120 1224 1163 ἕξιν
1247 1135 1322 1162 προ-

166 1177 305 1220 αιρετικήν
326 1190 397 1210 esse
420 1179 576 1218 declarat,
601 1179 689 1220 cujus
713 1179 835 1220 species
859 1178 998 1210 secunda
1022 1179 1209 1210 Ethicorum
1233 1184 1322 1220 parte

167 1235 377 1266 continentur.

256 1291 284 1332 ξ.
304 1291 332 1321 1.
367 1288 444 1330 ἴσως)
471 1290 612 1322 Graecus
628 1290 802 1331 lnterpres:
827 1287 860 1320 τὸ
882 1287 949 1327 ἴσως
973 1286 1005 1320 οὔ
1030 1286 1098 1328 πρὸς
1114 1286 1147 1320 τὸ
1163 1285 1322 1329 ἀναγκαῖον,

167 1343 243 1378 elur)
269 1344 337 1384 πρὸς
360 1343 393 1376 τὸ
418 1346 560 1385 πρῶτον
582 1345 716 1384 διορίσαι·
742 1344 826 1376 τοῦτο
850 1342 905 1385 γὰρ
930 1343 1028 1376 λείπει.
1063 1345 1139 1376 Νοῐι
1156 1344 1201 1376 sic
1224 1345 1322 1376 inter-

167 1402 354 1442 pretandum
378 1406 468 1443 puto,
493 1412 551 1433 nec
567 1401 635 1442 ipse
653 1401 794 1432 Graecus
811 1400 968 1441 Interpres
985 1400 1062 1431 satis
1085 1400 1219 1432 fidenter
1242 1401 1322 1432 hanc

168 1468 257 1488 suam
272 1457 436 1498 proposuit
450 1457 643 1497 opinionem.
674 1456 773 1488 Addit
787 1455 885 1487 enim:
905 1450 923 1496 ἢ
936 1452 969 1486 τὸ
986 1453 1053 1493 ἴσως
1069 1452 1129 1486 ἀντὶ
1144 1455 1195 1486 τοῦ
1213 1451 1322 1497 ὅμοίως,

169 1507 203 1549 ὥς
232 1525 295 1550 τινες
324 1508 448 1552 ἀξιοῦσι.
495 1512 560 1544 Sed
592 1523 664 1543 cum
689 1509 756 1549 ἴσως
780 1511 948 1542 admodum
979 1521 1049 1542 raro
1079 1521 1137 1553 pro
1160 1513 1324 1553 aequaliter

168 1568 251 1609 apud
276 1568 416 1600 Graecos
445 1567 631 1608 accipiatur,
663 1567 769 1598 malim
799 1578 870 1598 cum
893 1567 994 1598 Zellio
1026 1564 1093 1604 ἴσως
1124 1568 1176 1608 (ut
1203 1573 1236 1599 et
1265 1567 1324 1599 alia

168 1623 320 1655 vocabula
343 1623 472 1663 similia)
504 1634 542 1655 ex
566 1622 727 1654 communi
751 1622 928 1654 Atticorum
952 1622 1181 1654 consuetudine
1205 1623 1322 1655 dictum

169 1689 250 1715 esse,
275 1689 463 1720 quamquam
487 1679 517 1709 in
542 1689 575 1711 re
593 1684 689 1717 certa,
713 1678 848 1720 exempli
870 1678 969 1719 gratia
992 1679 1073 1709 δοκεῖ
1092 1689 1187 1719 supra
1202 1678 1225 1716 1,
1248 1690 1274 1710 c.
1295 1679 1323 1716 1,

170 1735 197 1774 ξ.
226 1734 258 1771 1,
289 1734 367 1764 infra
391 1734 418 1775 ξ.
445 1733 475 1771 3,
501 1740 534 1765 et
556 1735 698 1775 saepius,
724 1734 931 1775 „praesertim
961 1734 993 1764 in
1016 1733 1065 1764 his
1088 1733 1173 1765 libris
1197 1734 1236 1765 de
1261 1734 1324 1765 vita

170 1794 202 1820 et
232 1789 370 1820 moribus
400 1789 580 1827 hominurn,
616 1801 694 1831 quae
725 1800 775 1821 res
808 1795 984 1821 accuratam
1019 1788 1224 1821 subtilitatem
1260 1800 1323 1820 non

170 1845 375 1876 admittunt.“
426 1845 611 1885 Respondet
645 1845 811 1877 vernaculo
847 1846 941 1883 wohl,
976 1850 1011 1876 ut
1041 1844 1176 1876 Garvius
1205 1844 1324 1886 optime

170 1900 279 1939 vertit;
304 1901 529 1942 paraphrastes
553 1900 669 1932 omisit.

259 1946 294 1997 ξ..
311 1956 342 1987 3.
390 1953 425 1987 τὰ
449 1955 514 1997 βίᾳ)
543 1953 578 1987 τοὶ
602 1955 683 1994 βίαια
705 1956 781 1994 Par,
805 1954 862 1988 Νι).
887 1974 931 1979 -
955 1953 1088 1996 ἀκούσια)
1119 1956 1201 1988 Cum
1225 1965 1322 1996 spon-

171 2018 298 2043 taneum
322 2011 353 2042 id
377 2011 428 2049 sit,
453 2012 540 2053 cujus
563 2011 752 2052 principium
775 2011 807 2042 in
831 2022 869 2043 eo
894 2012 946 2050 sit,
971 2011 1023 2053 qui
1041 2016 1122 2053 agat,
1145 2021 1211 2042 non
1235 2010 1324 2052 igno-

171 2073 259 2098 rante
283 2067 420 2108 singulas
444 2067 706 2105 circumstantias,
731 2067 827 2098 invite
850 2068 967 2100 factum
992 2072 1096 2099 exstat
1119 2066 1211 2098 simul
1231 2070 1325 2107 atque

172 2134 232 2153 una
252 2133 289 2154 ex
307 2121 459 2154 ambabus
477 2122 722 2161 conditionibus,
741 2133 818 2164 quas
835 2123 964 2164 requirit
977 2128 1200 2164 spontaneum,
1225 2120 1323 2152 abest.
