1439 2342
178 60 249 98 150
463 60 641 88 Commenta.
670 58 704 86 nd
724 58 834 86 Aristot.
856 57 942 85 Echio.
963 57 1066 84 Nicom.

267 169 296 209 ᾧ.
313 169 344 200 7.
389 163 495 198 τούτων
525 160 637 205 ὸ’ἕσας)
665 163 911 206 Pamphrastes:
944 162 993 196 καὶ
1017 158 1082 196 ἶσαι
1106 162 1154 206 μὲν
1176 159 1275 205 ἡδοναὶ
1296 159 1330 195 οὗ

178 220 248 263 πρὸς
271 219 304 253 τὸ
335 218 448 261 ἀγαθὸν
477 217 692 259 ἀποβλέπουσι,
723 216 830 258 ταύτας
860 215 892 251 οὗ
916 216 1132 260 συνησθήσεται
1153 220 1211 257 τοῖς
1233 218 1330 258 ἐντυγ-

177 275 330 318 χάνουσιν,
354 272 432 308 omo?
455 274 565 317 μᾶλλσν
588 271 730 318 ἡδομένοις
754 276 926 315 δυςχερανεῒ.

265 332 293 372 ξ.
317 331 350 364 8.
395 328 443 362 καὶ
473 332 547 363 καθ’
568 326 663 368 αὑτό)
694 330 885 362 Cardweuus
913 336 947 362 et
972 330 1137 363 Bekkerus
1167 329 1331 371 sequentia

178 387 341 432 participia
364 397 435 418 cum
460 385 721 428 praecedentibus
745 386 940 428 conjungunt
948 410 957 425 ‚
990 391 1066 427 post
1088 384 1260 427 συμφέροντι
1282 385 1331 415 in-

177 447 419 484 terpungentes3
455 442 499 473 ita
535 447 570 473 ut
599 440 694 472 verba
724 437 773 472 καὶ
802 437 898 482 &dcv-Z:
935 440 968 472 δέ
995 452 1110 472 novam
1141 439 1332 472 sententiam

177 498 391 530 exordiantur.
438 497 534 529 Stant
556 507 627 528 cum
652 496 725 527 viris
749 496 852 527 doctis
875 496 1100 537 paraphrastes
1131 501 1164 526 et
1193 495 1332 536 plerique

177 554 398 594 interpretum.
430 552 506 590 Sed,
521 556 558 583 ut
569 552 634 593 jam
651 551 730 582 vidit
747 551 893 589 Garvius,
913 551 1074 592 pertinent
1089 551 1168 582 haec
1183 550 1278 582 verba
1292 550 1333 581 ad

179 608 344 650 participia
359 608 428 646 illa3
451 618 525 639 nam
541 611 710 649 postquam
727 607 846 638 Noster
862 606 955 645 dixit,
979 617 1101 638 comem
1118 617 1174 647 per
1193 616 1228 637 se
1243 605 1332 636 volu-

178 668 300 705 ptatem
317 663 442 704 eligere,
454 663 522 704 jam
538 661 699 703 proponit,
717 672 771 693 cur
787 661 847 693 iste
864 661 1006 693 dolorem
1022 673 1152 704 parvum
1170 661 1236 692 aliis
1252 671 1333 692 non-

178 730 340 761 nunquam
370 717 575 759 infligendum
607 721 710 756 curet,
745 717 862 759 quippe
893 728 1024 758 magnae
1052 716 1214 758 cujusdam
1245 716 1333 748 volu-

179 774 276 816 ptatis
301 785 405 806 causa.
451 773 521 805 Nec
545 772 686 804 offendet
708 783 768 803 nos
792 771 825 803 δέ
850 772 924 803 illud
956 777 1030 814 post
1052 768 1165 813 ἦὸσνῆς,
1193 772 1260 814 jam
1281 783 1333 803 su-

179 841 237 872 pra
254 830 321 871 (Ill,
345 841 372 861 c.
388 829 447 867 11,
472 829 499 870 ξ.
518 828 560 868 4.)
584 829 615 859 in
641 827 775 869 apodosi
797 827 936 858 obvium.
959 846 1003 850 —
1035 826 1099 859 Καί
1118 832 1223 858 autem
1247 829 1335 859 etiam

181 886 277 926 (apud
302 885 482 916 Germanos
507 886 613 924 soqar)
637 883 801 924 significat,
827 895 898 914 cum
925 883 1023 914 comis
1047 893 1111 913 non
1135 883 1236 914 solum
1260 893 1334 924 pro-

181 946 252 982 pter
274 941 445 972 honestum
469 944 524 971 aut
545 939 639 978 utile,
668 950 776 970 verum
806 938 900 969 etiam
924 943 1054 979 propter
1078 949 1222 978 magnam
1245 938 1335 969 volu-

181 1001 302 1037 ptatem
326 1006 457 1036 parvum
483 995 623 1027 dolorem
647 991 768 1025 inferat.

271 1051 299 1092 ξ.
325 1051 355 1084 9.
402 1050 435 1081 In
459 1050 569 1091 Magn.
593 1050 677 1081 Mor.
704 1049 749 1091 (l,
781 1048 833 1081 29.
865 1055 897 1080 et
921 1049 980 1089 32)
1012 1054 1044 1081 et
1074 1049 1148 1080 Eth.
1174 1048 1257 1079 Eud.
1283 1047 1333 1088 (ll,

183 1106 212 1137 3.
236 1112 268 1138 et
291 1106 347 1144 111,
378 1107 416 1146 7)
442 1106 541 1137 virtus
566 1106 643 1138 haec
673 1110 705 1137 et
728 1104 802 1136 vitia
834 1105 860 1136 ei
887 1105 1033 1146 opposita
1063 1104 1093 1135 in
1125 1105 1202 1134 duas
1230 1108 1334 1145 partes
1387 1120 1390 1127 ·

183 1162 362 1193 finduntur:

382 1221 510 1257 ἁπὲχὲεια
530 1221 639 1257 (ἔχὲωι)
744 1220 818 1255 φιλία
1022 1220 1134 1245 zelans&

381 1263 504 1290 αὐὲαὲεια
725 1260 842 1299 σεμνὲτης
1024 1262 1135 1296 ἀρέσκεια

184 1329 235 1370 qui
260 1340 315 1360 sex
339 1328 463 1360 habitus
488 1329 532 1360 ita
555 1329 717 1360 materiam
744 1330 793 1369 (cs.
811 1340 905 1369 supra
929 1329 956 1369 ξ.
980 1329 1005 1368 1)
1031 1329 1112 1359 inter
1135 1339 1169 1359 se
1194 1327 1335 1368 partiun-

182 1390 250 1423 tur,
281 1389 317 1415 ut
345 1389 409 1416 tres
441 1384 560 1426 priores
593 1382 655 1423 περὶ
690 1382 804 1425 πράξεις
834 1382 881 1415 καὶ
905 1382 1004 1424 λέγεις
1027 1384 1151 1425 (Magn.
1176 1383 1288 1414 Moral.
1314 1382 1335 1417 Ι,

183 1439 248 1480 32),
273 1444 337 1472 tres
361 1441 552 1481 posteriores
578 1438 641 1479 περὶ
666 1437 714 1478 τοῖς
739 1437 866 1481 ἐντεύξεις
888 1441 973 1478 (eod.
999 1439 1026 1477 1,
1052 1439 1109 1476 29)
1135 1456 1175 1461 -
1201 1439 1266 1476 vel,
1303 1443 1337 1469 ut

183 1501 233 1528 est
255 1507 351 1538 supra
373 1498 401 1538 ξ.
421 1498 457 1536 1,
490 1497 514 1528 ἐν
538 1498 598 1534 ταῖς
623 1492 743 1538 ἑμιλιάις
766 1494 814 1528 καὶ
838 1496 879 1537 τῷ
903 1495 989 1539 συζῆν
1012 1514 1055 1518 ——
1088 1505 1159 1526 esse
1183 1495 1335 1526 dicantur.

183 1552 423 1594 Theophrastus
454 1553 536 1584 hanc
566 1552 719 1583 rationem
750 1557 876 1584 secutus
912 1562 982 1583 esse
1017 1551 1156 1588 videtur,
1193 1550 1245 1592 qui
1273 1550 1337 1582 duo

184 1612 322 1639 extrema
346 1608 487 1640 defectus
512 1607 660 1639 describit
684 1608 784 1648 (XIX,
809 1605 872 1648 περὶ
897 1605 1072 1647 ὀικχερειάς,
1103 1607 1173 1644 XV,
1199 1603 1259 1645 περὶ
1283 1601 1336 1636 αὔ-

184 1661 333 1702 ἃαδείας)ε
359 1668 392 1695 et
415 1664 477 1694 duo
502 1668 642 1695 extrema
666 1674 814 1695 excessus
840 1664 895 1704 (V,
932 1660 994 1702 περὶ
1018 1659 1178 1702 ἀρεσκείας,
1209 1661 1249 1699 ΙΙ,
1276 1658 1338 1701 περὶ
1379 1680 1391 1707 5

183 1716 362 1757 κελακειάς),
388 1718 500 1759 quibus
524 1719 613 1750 addit
636 1719 762 1750 tertium
786 1719 894 1750 vitium
921 1718 1024 1759 (XIII,
1056 1715 1119 1756 περὶ
1144 1716 1338 1757 περιεργειάς),

183 1773 268 1814 quod
300 1773 339 1804 ab
372 1774 553 1805 adulatione
579 1773 748 1815 (κελακειάς)
781 1775 893 1806 eodem
925 1774 1020 1805 modo
1045 1773 1220 1813 distinguit,
1245 1778 1337 1814 atque

187 1829 226 1860 ab
250 1829 319 1870 ipsa
341 1829 531 1860 Aristoteles
555 1836 665 1861 nostro
691 1831 761 1862 loco
785 1829 1026 1872 obsequentiam
1050 1825 1234 1868 (ἀρέσκειαν).

273 1883 372 1915 CAP.
398 1884 472 1914 VH.
521 1884 549 1925 ξ.
581 1885 608 1917 1.
656 1886 747 1926 (Cap.
772 1886 864 1925 Xlll.)
919 1882 1146 1925 προςποιήμειτι)
1192 1884 1265 1915 Νοη
1291 1889 1338 1915 est

184 1940 246 1971 hoc
268 1939 356 1978 loco,
381 1941 460 1980 quod
479 1941 656 1979 simulatur,
687 1942 742 1972 sed
765 1944 844 1983 ([ιιοιί
863 1943 947 1973 nobis
969 1942 1166 1972 vindicamus.

271 1996 300 2036 ξ.
326 1996 355 2027 7.
403 1992 469 2027 ἀλλ’
494 1989 521 2034 ἓς
545 1988 587 2037 αι)
626 1993 691 2028 dm:
716 1997 739 2027 ἐι
766 1995 803 2035 cz}
829 1998 884 2034 El,
916 1998 992 2033 Par,
1027 1997 1114 2029 Ven
1146 1995 1336 2027 Cardwellus

184 2057 216 2083 et
240 2050 403 2083 Bekkerus
428 2062 444 2082 e
469 2052 533 2083 suis
557 2051 728 2084 οοιΙίιὼυε.
754 2071 796 2075 —-
833 2050 976 2096 ἅληὲνειιν)
1002 2048 1139 2093 ἀληθεύει
1163 2052 1233 2090 Pur,
1259 2052 1336 2089 Ven,
1355 2047 1394 2093 «ᾖ

185 2106 297 2137 (ardu
300 2106 376 2137 ellus
403 2112 434 2137 ct
459 2107 621 2139 Bekkerus
647 2108 820 2140 secundum
845 2108 970 2140 codices
995 2118 1080 2139 suos.
