1439 2342
478 37 551 65 Libri
573 38 604 66 v,
641 37 706 73 cap.
722 37 759 64 ix
775 37 861 71 (ΧΠ).
1199 36 1267 72 191

112 147 209 179 modo
225 145 456 188 praecedentia,
481 141 501 187 ἢ
522 145 666 178 θέλουσαν
689 143 746 187 οὐχ
771 144 845 183 ἑκών,
870 156 966 187 quum
983 145 1092 178 matris
1108 146 1271 179 voluntate

111 202 193 234 filius
224 206 352 234 coactus
384 213 454 234 esse
478 201 576 234 videri
599 201 712 244 possit.
762 202 827 234 Qui
851 202 934 233 enim
958 202 1076 234 volenti
1098 202 1270 234 laesionem

111 258 221 295 Infert,
253 269 318 289 non
348 262 482 299 sponte,
513 258 568 288 sed
597 269 653 299 per
677 258 825 290 accidens
847 258 966 300 injusta
989 259 1052 300 agit
1074 259 1161 298 (vide
1186 270 1271 300 supr.

113 314 154 347 ad
175 314 202 355 ξ.
220 313 272 353 3);
296 313 461 355 matrique,
486 324 676 355 quamquam
700 314 820 354 laesae,
844 314 955 356 injuria
976 315 1013 346 fit
1035 315 1130 346 nulla.
1177 315 1273 348 Quod

114 370 142 402 si
160 370 205 401 ita
228 374 330 407 esset,
359 380 432 400 cum
455 368 644 401 Aristoteles
671 370 857 411 Euripidem
886 370 1064 412 vituperare
1090 381 1154 402 non
1178 375 1273 412 potu-

113 426 208 464 isset,
233 421 363 463 ἀτόπως,
394 425 479 466 quod
504 425 531 466 ξ.
552 425 579 458 1.
604 425 643 457 de
667 426 734 467 ejus
758 425 861 457 verbis
885 426 1095 467 praedicavit,
1124 432 1178 458 aut
1201 438 1273 458 cum

114 482 325 523 Paraphraste
354 486 477 513 mutare
506 481 539 513 in
563 495 622 520 πως
651 492 785 513 necesse
807 486 895 513 esset
919 481 969 522 (id
993 482 1080 523 quod
1104 481 1276 515 innuerunt

116 539 210 576 Vrat,
234 535 290 575 L¹’,
314 538 384 569 Veu
415 537 557 579 legentes
589 534 705 576 ἀτόπως
736 551 810 576 πως,
842 538 904 569 Par
928 534 1042 573 ἀτόπως
1065 535 1099 569 τό
1124 538 1196 577 πῶς,
1228 537 1274 571 Kh

117 593 291 626 secundum
320 593 503 625 Bekkerum
527 590 560 625 τὸ
585 593 682 634 πῶς»
714 598 769 625 aut
797 605 870 626 oum
901 594 1078 626 Scholiaste
1100 595 1200 626 Paris.
1226 605 1276 637 ap.

117 650 256 682 Zellium
280 660 338 691 pro
363 646 534 690 παλεαὸὲξως
559 650 761 691 accipiamus.
793 650 934 681 Omnino
950 650 1170 691 quaestionem
1195 662 1277 682 non-

118 705 195 738 dum
219 705 355 736 solutam
378 705 567 737 Aristoteles
591 706 747 746 vituperio
771 717 834 737 non
859 706 966 747 potuit
989 706 1172 749 dijudicare.
1210 708 1278 739 De-

118 762 213 804 nique
237 773 310 793 cum
334 761 517 802 tragoediae
540 761 679 792 fabulam
702 761 903 802 ignoremus,
933 762 1003 803 quis
1035 767 1085 793 est
1114 762 1167 804 qui
1196 763 1279 794 affir-

118 829 205 850 mare
230 818 328 855 ausit,
358 822 463 848 utrum
487 817 673 858 Euripidem
698 817 886 848 Aristoteles
917 818 1142 859 vituperaverit
1168 829 1280 858 necne,

120 879 154 906 et
177 873 340 916 quomodo
365 873 501 904 scribere
526 873 670 904 debuerit
692 879 788 914 poeta
811 873 992 915 philosophi
1015 874 1281 915 vituperationem

121 930 312 962 evitaturus?
357 929 465 960 Litem
488 934 677 970 componet,
709 929 763 971 qui
791 940 842 960 me
872 929 1023 961 eruditior
1050 931 1280 972 Bellerophon-

121 991 192 1018 teae
225 984 405 1026 tragoediae
437 984 575 1016 fabulam
610 996 628 1016 e
658 984 819 1016 veteribus
851 985 1057 1026 scriptoribus
1090 987 1214 1019 eruerit.
1241 1005 1279 1011 —-

121 1039 170 1073 καὶ
194 1035 237 1082 ᾧ)
271 1038 319 1072 καὶ
349 1034 364 1072 ἕ
393 1038 457 1079 lssb,
487 1045 520 1072 et
550 1052 629 1073 corr.
654 1039 708 1073 Lb.
735 1059 773 1065 —
815 1038 847 1072 τὸ
878 1038 959 1082 παραὶ
990 1038 1054 1083 τήν)
1078 1039 1113 1073 τό
1135 1053 1199 1074 om.
1224 1041 1281 1082 Kb,

119 1096 183 1136 Mb,
208 1095 266 1129 Ob.

212 1153 239 1194 ξ.
265 1154 295 1185 7.
334 1148 487 1194 ''Opq-703)
528 1152 577 1184 Cf.
602 1152 689 1184 Iliad.
713 1153 766 1191 VI,
789 1164 820 1184 v.
838 1153 913 1186 236.

215 1209 395 1250 (Cap.XlI.)
420 1208 446 1250 ξ.
461 1209 492 1240 8.
517 1202 552 1239 ὧν
566 1204 776 1250 προειλέμεὲα)
795 1210 845 1240 De
865 1209 970 1251 priore
989 1209 1100 1241 harum
1113 1210 1284 1242 dubitatio-

126 1276 211 1304 nem,
225 1265 400 1296 secundum
412 1264 605 1296 Michaelem
622 1264 809 1305 Ephesium,
825 1266 969 1303 „nullam
986 1266 1130 1308 superius
1147 1267 1285 1298 mentio-

126 1333 200 1353 nem
213 1321 297 1359 fecit,
313 1321 387 1352 licet
400 1326 552 1362 quantum
567 1331 606 1351 ex
617 1320 720 1352 verbis
733 1321 899 1363 conjicitur
911 1327 1005 1353 antea
1018 1323 1057 1354 de
1073 1323 1143 1364 ipsa
1167 1323 1286 1354 dixisse

128 1378 304 1410 videatur.“
348 1376 527 1418 Acciajolus
550 1376 631 1407 hanc
644 1377 863 1418 quaestionem
881 1389 919 1409 ex
935 1378 984 1416 iis,
1010 1390 1090 1420 quae
1107 1379 1147 1410 de
1165 1380 1288 1411 Glauco

128 1433 318 1466 Aristoteles
343 1432 465 1470 dixerit,
490 1432 563 1463 oriri
586 1437 688 1474 putat.
736 1433 802 1464 Sed
816 1434 927 1474 procul
949 1433 1046 1465 dubio
1070 1439 1120 1465 est
1144 1435 1287 1476 quaestio

129 1490 157 1531 ξ.
175 1490 206 1521 3.
231 1488 406 1531 proposita,
431 1488 480 1520 vel
502 1488 611 1529 potius
635 1488 791 1530 singulare
808 1489 989 1530 exemplum
1012 1490 1105 1532 hujus
1130 1491 1290 1533 quaestio-

130 1546 196 1585 nis,
227 1550 264 1577 ut
286 1545 417 1576 alteram
441 1544 660 1586 quaestionem
685 1542 744 1586 (καὶ
769 1544 794 1576 εἰ
816 1542 900 1586 ἔστιν)
925 1546 951 1587 ξ.
974 1546 1006 1578 4,
1030 1547 1208 1588 proposuit.

220 1603 249 1643 ᾧ.
274 1601 305 1635 9.
352 1597 385 1632 τό
408 1597 545 1641 πρότερον
568 1599 690 1641 λεχθέν)
728 1602 779 1632 Ν8
803 1613 874 1633 cum
897 1602 1039 1634 Victorio
1063 1603 1104 1634 ad
1124 1603 1290 1635 historiam

134 1658 246 1691 Glauci
280 1658 414 1696 referas,
450 1657 507 1689 sed
540 1657 580 1687 ad
610 1656 706 1688 verba
737 1656 813 1698 §.8
844 1653 978 1689 ddi-sset&
1009 1658 1099 1701 νείμας
1129 1655 1212 1701 παραὶ
1244 1656 1293 1702 τὴν

134 1711 214 1755 ἀξίαν
237 1710 270 1745 τὸ
295 1716 400 1745 πλεῖον.
423 1732 468 1736 -
492 1711 579 1753 ἔχων)
605 1709 619 1743 ὃ
644 1710 716 1753 ’ἔχων
730 1713 895 1745 Bekkerus
919 1719 952 1745 et
974 1720 1098 1747 veteres
1123 1716 1293 1755 editiones,

135 1769 399 1811 adstipulantibus
423 1769 633 1810 Paraphraste
665 1773 698 1800 et
720 1769 877 1801 Michaele
898 1770 1052 1811 Ephesio.
1099 1771 1165 1803 Sed
1189 1777 1293 1804 verte:

135 1828 252 1858 etiamsi
280 1837 337 1857 non
366 1827 480 1857 habeat.
527 1826 593 1856 Aut
616 1825 747 1856 omissio
777 1825 898 1857 articuli
920 1831 994 1859 ante
1016 1827 1217 1869 participium
1240 1839 1294 1860 ex-

137 1882 248 1924 emplis
268 1893 332 1913 non
352 1886 438 1913 caret
464 1881 547 1922 apud
567 1881 790 1920 Aristotelem,
815 1886 852 1913 ut
874 1882 924 1913 vel
942 1882 973 1913 in
997 1882 1069 1914 loco
1087 1883 1294 1925 Physicoruni

139 1949 234 1980 supra
246 1939 285 1969 ad
304 1938 326 1976 Ι,
339 1949 366 1970 c.
380 1937 411 1976 4,
430 1938 458 1980 ξ.
472 1937 503 1969 4.
517 1938 613 1969 citato
626 1942 698 1969 ante
716 1937 871 1979 διαιροῦσι,
894 1938 921 1970 si
932 1939 1097 1970 Mullachii
1116 1940 1297 1981 conjectura

139 1994 346 2026 abstinemus·
377 2012 421 2016 —
467 1988 563 2035 οὗτος)
598 1994 687 2026 Haec
714 2005 776 2026 vox
805 1994 916 2037 incipit
946 1995 1113 2037 apodosin.
1143 2014 1187 2018 —
1233 1992 1297 2027 οῧοέ

140 2050 224 2082 τοῦτο
249 2046 367 2092 ἁπλοῦν)
403 2051 496 2083 Aetio
521 2051 588 2093 ejus
613 2050 728 2093 duplex
753 2056 819 2090 estg
845 2051 929 2093 quod
954 2051 1039 2083 enim
1065 2051 1124 2082 sibi
1140 2051 1238 2083 altera
1260 2063 1300 2083 ex
