1439 2342
176 47 249 83 224
452 43 633 75 Commenta.
655 40 821 74 nd'Ariutot.
841 44 929 74 Ethie.
951 44 1054 73 Nicon.

179 155 291 201 ηδονων.
316 176 355 180 —
381 169 414 188 αν
437 151 548 194 ουδείς)
583 151 645 186 οὐδ’
667 149 700 186 οἲν
723 151 761 194 εἷζ
783 154 839 193 H,
863 153 920 193 Kb,
943 152 1003 193 Nl',
1029 153 1233 192 Car-dmum,
1249 152 1336 186 Bek-
1383 160 1390 189 ζ

178 215 283 247 kerus.
307 231 351 236 ——
398 209 548 251 πρότερον)
585 211 633 243 cf.
659 221 754 252 supra
776 210 828 250 VI,
853 221 880 243 c.
898 211 930 250 5,
959 210 986 252 ξ.
1004 209 1095 250 3-6;
1119 221 1146 242 c.
1164 211 1194 250 7,
1220 209 1248 251 β.
1266 208 1336 243 7-8.
1375 199 1390 227 ³¹

183 290 216 294 —
245 270 298 301 τῶν
322 265 454 309 ἐσχάτων
477 265 556 309 γάρ)
591 267 640 300 Cf.
665 279 760 309 supra
782 267 835 307 vl,
859 279 887 300 c.
904 268 936 307 8,
961 267 989 309 §-
1007 266 1094 302 8-9.
1117 285 1162 291 -
1207 263 1258 306 τοὶς
1281 257 1338 299 ἇλμ
1381 252 1393 296 ζ

177 331 229 365 λας
253 324 325 366 ἔχων
349 321 467 365 ἀρετάς)
505 324 554 356 cf.
579 335 674 365 supra
698 323 755 362 VI,
787 335 814 356 c.
834 324 884 363 13,
910 324 938 366 ᾗ.
956 323 987 358 6.
1034 324 1103 356 Hae
1127 334 1249 356 omnes-
1262 333 1337 365 pm-
1384 341 1387 348 ›

182 383 285 414 dentis
302 381 512 423 proprietates
529 392 600 412 cum
618 381 649 411 in
673 381 924 413 incontinentem
948 391 1013 412 non
1037 379 1240 419 conveniant,
1262 389 1338 422 pm·

180 440 286 471 dentia
310 438 340 469 in
366 449 404 470 eo
428 437 654 479 cupiditatibus
678 437 825 469 resistere
848 448 912 469 non
938 442 1056 479 potest.

267 495 294 536 ᾧ.
320 494 350 526 6.
398 490 476 526 aime?
499 491 552 535 μὴν
576 496 623 526 δεῖ
647 494 688 534 γε)
719 505 762 525 sc.
794 496 1012 525 continentem
1042 492 1283 526 vehementibus
1307 496 1341 524 et

181 552 271 584 malis
297 550 522 592 cupiditatibus
545 550 688 588 incendi,
719 550 873 592 siquidem
906 551 943 582 iis
966 550 1129 582 vincendis
1154 550 1256 582 bonus
1280 554 1339 581 est.

270 606 299 652 ξ.
326 609 355 640 7.
402 604 621 649 Νεοπτόλεμος)
647 605 691 638 Ita
716 607 799 648 apud
824 607 1016 649 Sophoclem
1041 607 1188 648 (Philoct.
1221 617 1250 638 v.
1275 604 1340 640 908

179 664 227 697 bis
258 663 345 703 909)
379 664 532 707 loquitur:

454 724 471 754 ω’
492 725 550 760 Zeu,
570 727 595 753 τί
613 724 708 762 δρόσοις
728 722 837 762 &iii-spor
854 725 948 761 ληφθῶ
966 722 1044 759 uude,

453 770 558 811 κρύπτων
577 777 598 802 τ’
616 771 632 802 οἳ
652 771 683 811 μὴ
702 777 746 809 δεῖ,
765 777 803 802 καὶ
821 776 896 810 λέγων
912 775 1032 812 αἴσχιστ’
1050 771 1124 807 ὶπῦνῆ

271 833 300 879 §.
325 834 357 867 8.
403 832 589 875 ψευὸὄμενος)
628 833 800 866 Quomodo
836 838 905 865 tota
938 833 1016 864 haec
1052 830 1082 876 ξ.
1113 842 1183 864 cum
1213 829 1340 873 reliquis
1383 866 1389 874 .

185 891 370 930 cohaereat,
405 890 542 932 Aspasio
581 891 660 922 duce
696 890 728 921 in
760 890 945 932 Conspectu
973 894 1099 927 nostro,
1135 898 1229 930 quem
1258 887 1340 924 vide,
1382 885 1388 892 ’

182 948 398 989 exposuimus.
445 947 671 988 paraphrastes
695 952 729 979 et
745 947 882 979 Garvius
907 946 1146 988 explicationem
1169 945 1340 986 desperan-

181 1009 247 1042 tes,
280 1004 364 1036 hunc
394 1004 499 1035 locum
532 1003 718 1035 omiserunt.
765 1004 996 1036 Diificultatem
1027 1002 1160 1045 praebet
1189 1001 1257 1033 sola
1279 1010 1341 1032 vox

181 1057 359 1103 ψευδόμενος,
384 1072 476 1103 quam
502 1071 572 1092 eum
591 1060 690 1092 Zellio
714 1071 778 1092 non
803 1059 955 1102 adjective
979 1065 1012 1092 et
1033 1059 1178 1091 universe
1201 1058 1339 1100 positam

181 1123 291 1159 putare
315 1129 462 1159 possum,
494 1128 564 1150 cum
594 1114 676 1158 λόγος
707 1117 822 1149 habeat
846 1117 913 1159 jam
945 1116 1135 1158 adjectivum
1159 1111 1338 1157 σοφιστικός,

181 1174 265 1216 quod
289 1177 437 1215 captiosus
460 1174 625 1215 significat.
672 1174 747 1212 Sed,
772 1179 806 1205 ut
824 1175 890 1216 jam
917 1174 1036 1206 Cornes
1058 1172 1148 1212 vidit,
1171 1177 1222 1204 est
1243 1176 1338 1203 notus

181 1230 347 1262 Eubulidis
372 1230 522 1272 Megarici
553 1228 668 1271 ἔλεγχος
698 1230 748 1261 vel
773 1227 990 1272 παραλογισμός
1015 1230 1064 1270 (cf.
1091 1228 1202 1270 Hegel.
1227 1228 1334 1260 Gesch.

181 1287 211 1318 d.
234 1287 363 1326 Philon„
394 1286 485 1325 T.11,
510 1297 541 1328 p,
563 1286 758 1325 ilfi-118),
789 1293 874 1318 certa
902 1287 1006 1328 specie
1030 1285 1146 1317 fallacis
1170 1283 1335 1326 captionis,

181 1343 318 1384 exempli
347 1354 458 1381 causa,
493 1354 550 1384 pro
579 1349 649 1374 toto
680 1354 794 1384 genere
831 1343 951 1384 posita;
987 1343 1046 1374 nisi
1081 1341 1227 1373 malueris
1255 1341 1337 1372 hanc

182 1411 292 1431 vocem
311 1410 368 1441 pro
384 1400 575 1441 glossemate
589 1399 716 1438 habere,
733 1405 766 1431 et
781 1410 852 1431 cum
874 1400 975 1432 Corae
993 1398 1150 1431 asteriscis
1167 1397 1336 1429 includere.

271 1455 301 1500 ξ.
329 1456 379 1488 10.
427 1453 441 1487 ὁ
475 1456 517 1497 τῷ
553 1459 727 1496 πεπεῖσθαι)
761 1455 988 1497 paraphrastes
1023 1461 1124 1486 recte:
1161 1450 1176 1485 ὅ
1210 1450 1265 1495 γᾶρ
1296 1452 1338 1494 τῷ

184 1509 360 1555 {werza-&at
392 1509 428 1544 τοὶ
453 1513 552 1552 φαῦλα
577 1511 699 1551 διώκων,
729 1507 773 1544 ἔτι
796 1512 896 1555 νομίζει
921 1509 1022 1554 ἀγαθοὶ
1046 1510 1124 1543 εἶναι.
1146 1529 1191 1535 -
1237 1507 1337 1552 δόξειεν

182 1567 265 1607 εἶναι)
293 1568 361 1601 εῖναι
385 1569 537 1601 omittunt
553 1570 602 1609 El,
627 1570 698 1608 Nc,
723 1569 889 1602 Bekkerus
913 1570 982 1601 sine
1011 1569 1161 1600 varietate
1182 1566 1337 1599 lectionis,

188 1646 216 1650 -
242 1625 278 1669 τῇ
302 1625 456 1667 παροιμίᾳ)
481 1626 698 1665 proverbium,
723 1626 809 1668 quod
829 1627 911 1657 idem
930 1625 1086 1667 significat
1104 1631 1215 1666 atque:
1238 1624 1339 1665 Liqna

183 1684 215 1714 in
237 1684 344 1714 silvam
357 1684 450 1723 ferre
475 1684 574 1725 (apud
598 1694 674 1715 nos:
705 1685 785 1715 Dem
810 1683 890 1724 Taye
913 1683 1074 1720 Ieuchten)‚
1104 1681 1176 1712 ideo
1200 1680 1284 1712 cadit
1306 1680 1337 1711 in

184 1739 444 1776 incontinentem,
469 1740 554 1781 quod
571 1739 678 1770 inutile
702 1746 760 1777 est,
785 1740 813 1771 ei
829 1745 947 1771 rectam
963 1737 1201 1781 persuasionem
1220 1736 1339 1774 afferre,

185 1795 300 1838 quippe
331 1806 410 1837 quae
441 1797 469 1826 ei
493 1797 559 1837 jam
590 1797 681 1828 adsit.
710 1815 753 1820 —
799 1791 838 1838 μὴ
874 1795 1040 1833 ἐπέπειστο)
1075 1795 1161 1826 Bene
1191 1793 1340 1825 dilucidat

186 1852 358 1894 Aspasius·
393 1851 418 1883 εἰ
438 1864 492 1892 γαρ
513 1865 527 1882 ο
553 1849 678 1894 ἀκρατὴς
701 1847 740 1894 μὴ
764 1852 914 1885 ἐπέπειστο
937 1865 999 1894 ητοι
1023 1847 1072 1883 οὔκ
1097 1850 1272 1892 ἐγίγνωσκεν,
1297 1843 1340 1881 ἔτι

186 1902 204 1939 ἃ
226 1906 346 1948 πράττει
372 1921 433 1950 ητοι
457 1903 500 1939 ὅτι
524 1905 557 1939 τὸ
582 1921 647 1948 περι
653 1906 693 1940 εύε
696 1923 719 1940 ιν
744 1908 830 1941 κακόν
854 1910 938 1941 ἐστιν.
985 1909 1029 1941 Et
1057 1907 1244 1940 vertendum
1268 1917 1340 1939 cum

186 1966 270 2006 Arg)
273 1965 401 2006 ropylo:
437 1966 464 1996 εἰ
494 1975 551 1996 non
575 1976 756 2006 persuasum
785 1970 862 1998 esset
889 1967 964 2007 ipsi,
993 1975 1030 1997 ea
1058 1975 1115 1997 non
1141 1965 1256 2007 ayenda
1278 1974 1341 1996 esee

185 2032 260 2063 quae
289 2023 354 2062 aqi!
378 2031 437 2053 etc.
483 2022 590 2063 ltaque
620 2021 770 2054 ἐπέπειστο
806 2028 838 2055 et
867 2033 942 2054 mox
973 2021 1152 2064 πεπεισμένος
1186 2020 1234 2052 his
1263 2019 1341 2052 locis

187 2088 261 2115 non,
286 2083 322 2109 ut
344 2089 439 2119 supra
462 2080 639 2115 πεπεῖσθαι,
671 2078 710 2109 de
740 2079 835 2115 falsa,
867 2079 922 2110 sed
955 2079 993 2110 de
1023 2084 1110 2111 recta
1138 2076 1341 2119 persuasione

187 2133 389 2175 intelligenda
421 2141 505 2166 sunt.
553 2135 618 2168 Qui
642 2135 728 2167 vocis
756 2146 883 2167 sensum
909 2141 1029 2166 mutare
1053 2134 1237 2169 noluerunt,
1269 2143 1339 2165 cum
