1439 2342
105 94 180 130 260
398 96 577 123 Commentar.
599 96 633 122 ad
654 94 764 123 Aristot.
786 94 873 121 Ethie.
894 92 998 121 Nicon.

107 207 210 247 Iuptatz'
233 208 302 236 sunt
322 205 462 236 actiones.
510 204 575 235 Sed
597 208 666 235 tum
691 214 756 234 non
786 202 895 239 video,
931 200 1005 242 quid
1031 199 1156 232 intersit
1176 198 1258 230 inter

107 261 205 293 οἰκεῖαι
229 266 262 292 et
285 260 427 297 τοιαῦται,
449 259 509 291 nisi
533 259 610 290 velis
635 259 734 290 οἰκεῖαι
758 269 821 289 non
836 258 980 299 propriae
996 256 1051 288 sed
1074 254 1257 288 meinter-

105 317 231 358 pretari‚
256 327 326 347 cum
351 321 455 346 tamen
481 315 611 347 τοιαῦται
628 326 757 347 sensum
773 326 791 345 a
807 313 964 346 Lambino
979 312 1174 354 postulatum
1190 316 1258 343 tum

107 373 233 403 demum
258 371 373 403 habere
398 371 509 412 possit,
535 382 605 402 cum
631 370 729 402 οἰκεῖαι
753 370 907 412 significet
926 371 1080 411 propriae.
1126 369 1256 400 Vertas:

110 430 273 469 Unicuique
290 429 430 468 voluptati
442 430 511 458 sunl
521 429 651 459 actiones
663 429 808 468 propriae
822 430 851 458 et
867 427 995 466 eiusdem
1012 427 1094 457 illius
1113 428 1257 456 neutrae.-

105 486 245 516 bonorum
263 488 358 516 autem
376 486 506 515 actiones
519 487 588 515 sunt
606 485 759 523 cujusdam
778 483 904 523 aliciy’us
917 485 1052 521 naturae,
1076 483 1097 513 i.
1111 492 1137 513 e.
1158 491 1258 513 omnes

103 543 162 573 sibi
183 543 305 572 similes.

193 597 220 638 ᾧ.
247 599 276 628 7.
323 598 394 630 καθ’
420 593 543 635 αὐτούς)
580 596 821 637 Exspectaveris
845 596 917 628 καθ’
941 591 1022 633 αὖτέ,
1046 600 1081 626 ut
1097 593 1148 626 Mb
1172 594 1256 636 legit,

105 658 137 684 et
160 653 332 684 Lambinus
357 654 466 684 vertit:
493 654 639 685 Muretus
663 654 736 684 καθ’
758 648 834 684 αὗταί
857 652 1001 694 conjecit.
1020 670 1063 676 —
1088 648 1177 694 ταύτῃ
1201 647 1256 691 γάρ

104 702 188 749 ’ὅμοια
212 706 261 740 καὶ
284 706 319 740 τά
344 707 454 747 λοιπά)
480 721 522 740 sc.
547 707 608 750 εἴδη
637 709 685 750 τῆς
709 707 815 748 φιλίας.
860 709 973 740 Verte:
997 709 1079 740 Huic
1107 708 1258 738 amicitiae

50 768 69 779 *¹
100 766 217 796 similes
239 769 306 796 sunt
328 767 460 806 reliquae
482 767 632 797 amicitiae
639 779 649 802 ,·
683 769 713 796 et
739 766 868 798 absolute
897 765 1001 797 bonum
1030 767 1076 796 est
1095 766 1183 796 etiam
1205 764 1256 795 ab·

103 822 194 852 solute
225 822 402 861 jucundum.
463 823 587 863 Nempe
630 821 766 864 reliquae
807 821 960 852 amicitiae
995 831 1012 852 e
1054 820 1256 852 similitudine

103 882 226 908 tantum
252 877 414 916 dicuntur,
439 883 472 908 et
502 889 565 909 non
595 878 721 919 proprie
745 882 821 908 sunt
844 877 1009 915 amicitiae,
1035 882 1072 908 ut
1093 881 1257 918 exponunt

104 933 217 965 Graeci
249 933 448 975 interpretes.
503 934 707 972 Lectionem,
744 945 838 975 quam
869 933 1061 966 Cardwellus
1091 938 1123 964 et
1153 933 1253 965 Fritz-

103 989 208 1021 sebius
232 1000 249 1021 e
273 988 318 1021 Kb
343 990 561 1028 adsciverunt,
594 987 684 1035 ταύτῃ
722 990 899 1030 (Victorius
929 990 1020 1021 ταῦτα
1050 1001 1067 1021 e
1096 989 1254 1021 nonnullis

62 1070 66 1075 .
103 1045 274 1086 codicibus)
299 1043 353 1087 γάρ
380 1041 469 1088 ἕμοιοι
494 1044 542 1077 καὶ
566 1042 603 1077 τοὶ
626 1043 734 1091 >tom-⁶53
764 1046 916 1088 Aspasius
941 1046 986 1077 sic
1017 1046 1254 1087 interpretatur:

102 1095 197 1143 ‘o'pomf
223 1101 290 1133 εἰσιν
319 1097 392 1143 ἧὸεῖς
422 1115 451 1133 τε
474 1098 573 1144 ἕμσίως
602 1100 650 1134 καὶ
678 1099 830 1145 χρήσιμοι,
855 1099 886 1134 οὗ
909 1099 989 1144 μόνον
1013 1098 1121 1142 ἀγαθοὶ
1145 1097 1254 1144 ὁμοίως.

100 1158 169 1189 Nee
186 1169 314 1189 sensum
332 1158 425 1190 lectio
442 1169 633 1200 magnopere
651 1158 819 1197 diversum,
837 1159 891 1189 sed
909 1170 979 1190 cum
991 1157 1194 1201 sequentibus
1204 1158 1251 1189 in-

100 1214 216 1244 sulsam
240 1214 372 1255 praebet
395 1214 618 1256 tautologiam,
655 1220 817 1256 praeterea
841 1215 906 1256 jam
938 1225 1031 1255 supra
1061 1214 1104 1255 (ξ.
1130 1216 1168 1254 7)
1193 1214 1250 1246 ob-

98 1269 191 1300 viam.
237 1269 337 1301 Priori
361 1270 562 1312 explicationi
585 1270 719 1311 opponit
734 1270 862 1307 Zellius‚
887 1294 908 1309 ,‚
931 1267 967 1301 τεὶ
991 1268 1082 1302 λειπά
1105 1281 1169 1302 non
1191 1269 1254 1302 nisi

99 1325 267 1356 admodum
293 1331 402 1356 coacte
427 1326 466 1356 ad
492 1326 645 1357 amicitiae
666 1336 780 1367 genera
802 1326 907 1357 referri
932 1329 1063 1367 posse‚“
1085 1321 1251 1368 additquez

98 1381 263 1421 „proxime
287 1381 451 1423 sequentia
477 1378 510 1412 τέ
535 1394 562 1412 τε
587 1377 684 1420 ἁπλῶς
715 1378 827 1422 dyas&
847 1379 895 1413 καὶ
919 1377 972 1423 ἦδῦ
996 1378 1093 1421 ἁπλῶς
1109 1382 1170 1414 ἐστι
1187 1393 1250 1413 non

98 1437 174 1467 satis
199 1437 365 1468 commode
389 1448 458 1468 cum
483 1437 745 1479 praecedentibus
775 1440 926 1469 coeunt.“
972 1437 1078 1480 ltaque
1107 1438 1250 1480 vulgatae

97 1492 223 1524 lectioni
255 1493 298 1524 sic
327 1493 428 1525 lucem
461 1493 570 1524 afferre
599 1499 746 1524 conatur:
786 1493 899 1531 „Huic
930 1494 1084 1526 bonorum
1114 1494 1250 1526 virorum

98 1548 251 1579 amicitiae
276 1554 350 1579 sunt
374 1559 495 1579 morum
521 1549 693 1580 similitudo
718 1554 750 1580 et
778 1549 912 1592 reliqua,
953 1562 1031 1592 quae
1062 1551 1100 1582 ad
1128 1551 1250 1582 firmam

97 1609 130 1634 et
152 1615 256 1635 veram
282 1604 449 1635 amicitiam
475 1605 684 1646 requiruntur,
710 1605 728 1635 i.
750 1616 777 1636 e.
794 1604 938 1638 absolute
957 1607 1074 1638 bonum
1100 1612 1132 1638 et
1155 1607 1248 1639 abso-

96 1659 382 1700 lutejucundum.“
401 1660 464 1691 Sed
479 1672 541 1691 non
556 1661 645 1699 vidit,
659 1661 854 1702 ineptissima
867 1663 1039 1704 tautologia
1055 1669 1130 1694 tunc
1148 1673 1248 1694 enun-

96 1715 245 1746 tiationes
271 1714 363 1758 ταύτῃ
383 1713 439 1756 γάρ
457 1730 483 1747 κ.
503 1730 527 1748 τ.
543 1721 569 1748 λ.
592 1722 622 1747 et
637 1714 727 1761 ταύτῃ
744 1716 814 1748 ὁέκ.
831 1731 857 1748 τ.
874 1721 902 1749 λ.
930 1718 1082 1750 laborare.
1118 1719 1251 1761 Vulgata

97 1781 172 1801 vero
189 1770 355 1812 explicatio
376 1771 453 1802 duas
473 1772 600 1803 exhibet
621 1773 769 1810 rationes,
790 1785 845 1805 cur
863 1785 955 1806 verae
974 1775 1128 1806 amicitiae
1143 1776 1249 1807 omnia

95 1826 203 1863 insint,
228 1837 307 1868 quae
331 1827 369 1857 de
386 1827 491 1858 amicis
509 1839 564 1868 per
580 1839 614 1859 se
631 1829 850 1869 praedicantur
874 1829 1012 1872 (εἰρημένα
1027 1831 1099 1864 καθ’
1116 1827 1246 1871 αὑτούς);

98 1883 137 1919 1)
177 1882 248 1924 quia
275 1882 411 1924 reliquae
435 1883 588 1914 amicitiae
613 1884 850 1916 similitudinem
874 1897 966 1918 verae
988 1887 1143 1919 amicitiae
1166 1888 1246 1919 refe-

95 1943 185 1974 runt3
221 1938 252 1976 2)
278 1939 348 1980 quia
372 1939 555 1980 simpliciter
579 1939 715 1978 bonum,
751 1942 835 1983 quod
860 1953 950 1974 verae
975 1943 1129 1975 amicitiae
1151 1944 1245 1982 inest,

96 1999 127 2022 ct
145 1994 320 2034 jucundum
343 1994 527 2034 simpliciter
550 2001 614 2034 est,
651 2003 685 2027 ut
715 1999 840 2038 saepius
861 1998 980 2030 Noster
1004 1999 1071 2041 jam
1103 2000 1245 2032 asseruit.

95 2048 147 2078 Sic
177 2055 209 2079 et
239 2049 316 2079 ratio
345 2050 502 2087 redditur,
541 2062 596 2082 cur
620 2051 750 2084 alterum
776 2050 873 2092 ἁπλῶς
896 2055 999 2086 locum
1024 2066 1116 2088 suum
1141 2063 1244 2088 muta·

92 2104 180 2141 verit,
206 2116 275 2134 cum
303 2106 355 2142 L'‚
382 2106 429 2137 0¹⁸
454 2107 532 2137 male
556 2103 653 2145 ἁπλῶς
678 2104 732 2149 ἡέύ
753 2109 866 2149 legant.

181 2159 208 2200 §.
233 2160 263 2191 8.
311 2157 373 2198 τοὺ,-
396 2161 556 2203 λεγομένσυς
580 2158 662 2203 ἅλοις)
690 2164 771 2196 Eud.
801 2165 862 2203 Vll,
888 2167 926 2199 2:
959 2163 1004 2198 διὸ
1027 2167 1064 2206 εἰς
1087 2167 1240 2210 παροιμίαν
