1439 2342
559 118 632 144 Libri
648 118 692 144 rx.
722 117 788 151 cap.
811 117 856 143 w.
1212 113 1284 149 291

135 224 308 256 secundum
333 225 459 257 codices
484 236 559 257 suos
583 229 718 267 excepto
743 223 801 256 0⁵.
845 223 905 255 Hic
929 223 1096 265 perspicue
1131 223 1286 262 videmus,

135 280 295 322 quomodo
319 280 413 312 lectio
435 292 474 312 ex
499 281 722 322 interpretibus
753 281 782 311 in
816 285 936 311 textum
968 280 1103 320 irrepere
1132 280 1287 321 potuerit3

134 336 270 378 explicat
306 337 390 367 enim
425 334 517 377 πάντη
554 333 610 376 γάρ
647 337 721 368 ἐστιν
752 336 952 367 Eustratius:
984 334 1128 366 τουτέστιν
1160 332 1200 367 ἀεὶ
1230 332 1286 377 γάρ

133 388 182 423 καὶ
206 389 373 423 ποίντοτέ
395 392 480 423 ἐστιν.
503 410 547 415 —
572 389 796 434 ἀμεταμέλητος)
822 388 1021 433 ἆμετοῖβλητος
1045 390 1107 423 Mb.

224 448 252 489 ᾗ.
277 449 307 481 7.
354 447 396 488 τῷ
428 445 463 488 ὀὴ
495 445 563 487 πρὸς
587 444 680 487 αὑτόν)
706 448 803 478 Addit
829 446 875 488 μέν
900 447 1065 478 Bekkerus
1089 458 1106 478 e
1132 447 1200 478 solo
1225 445 1288 478 Mb.

137 523 175 528 -—
202 497 290 543 ὥςπερ
328 500 398 543 πρὸς
430 501 537 544 ἑαυτόν)
571 500 653 534 αὐτόν
679 514 734 545 pro
760 500 856 534 ἑαυτόν
880 502 925 534 Kb
950 503 1137 542 (secundum
1162 503 1288 535 Bekke-

133 560 217 600 rum)
241 564 274 590 et
296 558 359 591 Mb.
374 578 417 583 ——
441 556 557 600 τούτων)
584 560 666 591 Sunt
690 571 726 590 ea
751 570 829 601 quae
854 560 881 600 ξ.
908 558 976 591 3-6.
1001 559 1067 590 viro
1091 559 1176 590 bono
1201 559 1289 590 attri-

133 614 202 646 buit
225 619 345 647 auctor.
392 616 635 657 Paraphrastes:
669 612 796 655 φανερὸν,
825 610 878 652 ἔτι,
904 610 975 659 ἅπερ
1002 611 1015 645 ὅ
1047 611 1167 657 ἐπιεικὴς
1198 614 1290 656 ἑαυτῷ

133 668 268 709 βούλεται
291 668 339 702 καὶ
364 667 504 713 ἀπονέμει,
529 668 623 702 ταῦτα’
645 670 698 703 εἰσι
725 667 759 702 τοὶ
785 667 883 710 φιλικά
907 668 954 702 καὶ
979 671 1003 701 ἐν
1032 668 1141 709 τούτοις
1164 667 1181 712 ἡ
1206 670 1290 710 φιλία.

135 725 313 758 συνίσταται.

223 783 251 824 ᾧ.
275 783 306 815 8.
344 779 493 822 ἀφείσθω)
520 781 599 813 {nfra
619 782 700 813 hane
723 781 951 814 dubitationem
976 783 1146 814 tollendam
1169 783 1291 813 Noster

134 838 355 880 propositurus
380 844 430 870 est
455 842 496 878 (c.
522 839 567 876 8).
593 857 634 861 -—
660 837 727 869 εἶναι
751 834 768 879 ἡ
794 837 887 878 φιλία)
913 834 929 879 r]
954 849 1017 869 om.
1043 838 1233 870 Cardwellus
1259 844 1291 869 et

134 894 298 926 Bekkerus
323 906 361 927 ex
384 895 441 932 11¹,
467 893 523 933 Kb,
548 894 610 932 lvh,
636 894 693 933 Νι),
717 899 813 932 recte,
841 899 876 925 ut
908 894 1071 936 sequentia
1104 894 1290 934 ostendent3

135 950 225 982 aliter
248 951 331 982 enim
356 962 419 982 non
446 951 485 983 de
509 951 646 982 amicitia
677 951 706 982 in
739 962 772 982 se
806 950 911 992 ipsum
942 950 1071 991 intelligi
1104 951 1216 992 possit.
1248 968 1292 973 -

135 999 158 1050 ᾗ
179 1003 240 1037 ἐστὶ
264 1003 314 1037 δύο
340 1001 357 1048 ἦ
382 1005 470 1038 πλείω
495 1007 523 1038 ἐκ
549 1006 602 1038 τῶν
627 1006 782 1048 εἰρημένω)
811 1007 871 1037 Est
894 1006 979 1047 prior
1001 1006 1092 1044 ratio,
1111 1017 1164 1037 cur
1181 1006 1292 1048 cuique

134 1073 207 1104 erga
232 1074 265 1094 se
289 1063 393 1104 ipsum
418 1063 554 1094 amlcitia
578 1074 648 1095 esse
677 1063 834 1094 videatur:
866 1063 962 1094 altera
986 1062 1112 1104 incipit:
1137 1059 1184 1093 nal
1208 1056 1251 1093 ἔτι
1275 1058 1293 1103 ἡ

133 1114 292 1160 ὑπερβολή.
322 1119 404 1150 Nam
430 1130 619 1161 quamquam
632 1119 718 1161 plura
731 1124 840 1150 auctor
854 1103 930 1149 infr—a
945 1119 1094 1150 docturus
1111 1124 1169 1156 est,
1186 1123 1292 1149 tamen

135 1174 230 1205 etiam
260 1174 310 1205 hic
343 1175 493 1206 nonnulla
523 1175 632 1215 tangit.
685 1175 848 1206 Posterior
882 1175 962 1206 ratio
999 1180 1097 1215 patet.
1151 1174 1293 1206 Priorem

134 1230 366 1271 Argyropylus,
402 1230 596 1272 Acciajolus,
633 1231 809 1268 Victorius,
849 1230 1064 1267 Camerarius,
1101 1230 1294 1270 Zwingerus,

136 1286 315 1327 Giphanius
349 1286 393 1317 sic
422 1292 602 1328 exponunt:
633 1287 778 1318 Amicitia
808 1288 936 1318 hominis
965 1297 1037 1327 erya
1068 1297 1099 1318 se
1122 1288 1218 1327 ipsum
1242 1289 1294 1325 est,

136 1345 279 1386 quatenus
301 1343 377 1373 duae
397 1344 446 1374 vel
460 1344 568 1383 plures
590 1353 694 1374 earum
718 1344 917 1384 definitionum
940 1344 982 1373 ibi
996 1344 1197 1383 reperiuntur,
1221 1352 1295 1383 quae

136 1399 222 1429 initio
244 1399 330 1439 Izzy'us
353 1400 461 1439 capitis
477 1400 651 1439 propositae
675 1402 750 1430 sunt.
791 1399 856 1431 Qui
879 1398 998 1429 nodum
1022 1399 1052 1429 in
1070 1399 1173 1440 scirpo
1198 1409 1294 1440 quae-

138 1454 288 1492 siverunt,
314 1454 406 1495 plane
430 1454 523 1485 aliam
547 1455 775 1496 interpretandi
799 1454 953 1486 rationem
985 1455 1138 1486 inierunt:
1172 1455 1294 1493 „Eate-

137 1521 197 1541 nus
222 1509 359 1540 amicitia
383 1510 502 1541 homini
526 1520 598 1551 erga
623 1521 656 1541 se
681 1510 784 1551 ipsum
809 1522 879 1542 esse
901 1515 1019 1552 potest,
1046 1516 1202 1554 quatenus
1226 1511 1295 1551 ipse

130 1576 155 1605 ,e
179 1565 326 1597 duabus“
351 1563 395 1606 (τό
418 1579 447 1596 τε
471 1563 582 1606 λογικὸν
606 1563 653 1597 καὶ
678 1563 710 1597 τό
733 1558 844 1607 ἄλογον)
870 1567 941 1604 „vel
965 1567 1106 1608 pluribus
1130 1566 1297 1609 partibus“

137 1619 241 1663 (λόγος,
266 1618 368 1663 θυμὸς,
394 1621 546 1664 ἐπιθυμία)
571 1628 730 1661 „constat,
751 1623 795 1653 ita
812 1623 1014 1664 comparatis,
1038 1628 1074 1654 ut
1097 1623 1194 1654 altera
1218 1622 1297 1653 alte-

137 1689 204 1710 ram
228 1683 283 1709 aut
306 1678 467 1720 aspernari
484 1679 620 1719 possit,“
644 1679 729 1720 quod
754 1679 788 1709 fit
803 1679 835 1709 in
851 1678 1004 1720 improbis
1022 1679 1075 1718 (cf.
1093 1679 1173 1710 infra
1188 1678 1296 1720 §.102

138 1732 186 1766 καὶ
216 1734 314 1775 ἑτέρων
343 1733 392 1776 μὲν
424 1734 622 1776 ἐπιθυμοῦσιν,
654 1726 731 1767 ἅλλα
763 1733 793 1765 δὲ
824 1731 987 1773 βούλονται,
1016 1733 1071 1766 οἷον
1096 1735 1120 1766 οἱ
1144 1731 1297 1775 ἀκρατεῖς),

139 1795 217 1830 „aut
241 1802 312 1822 cum
340 1790 450 1822 eadem
476 1791 671 1830 conc‘iliari,“
695 1791 778 1833 quod
802 1791 838 1822 fit
861 1791 892 1822 in
916 1791 1019 1831 bono3
1044 1803 1117 1822 nam
1134 1796 1170 1822 ut
1193 1801 1298 1822 amare

139 1851 172 1878 et
194 1846 291 1878 amari
315 1846 450 1878 existere
473 1847 585 1888 possit,
611 1847 673 1879 duo
698 1847 855 1889 disjuncta
872 1847 935 1879 sint
952 1853 1090 1889 oportet,
1116 1859 1195 1890 quae
1220 1858 1297 1879 con-

140 1902 294 1934 cilientur.
356 1903 446 1934 Hanc
483 1903 618 1945 amplexi
657 1908 731 1934 sunt
771 1903 1065 1945 interpretationem
1111 1904 1297 1943 Lambinus,

141 1959 278 1990 Garvius
310 1963 343 1990 et
373 1959 489 1990 Zellius
522 1970 538 1990 e
563 1959 807 1999 recentioribus,
836 1971 852 1991 e
876 1960 1036 1992 veteribus
1061 1960 1241 1991 Eustratius
1267 1965 1300 1991 et

140 2015 378 2056 paraphrastes.
433 2015 496 2047 Sed
530 2015 692 2047 altioribus
728 2016 822 2047 etiam
853 2017 932 2048 haee
966 2017 1073 2058 opinio
1112 2017 1214 2048 defixa
1250 2021 1300 2048 est

140 2070 310 2110 radicibus,
335 2082 405 2103 cum
427 2072 492 2113 jam
516 2071 576 2113 ipsi
589 2072 770 2104 Aristotelis
795 2073 954 2114 discipuli,
980 2073 1144 2104 Eudemus
1169 2084 1217 2104 ex.
1242 2084 1298 2114 gr.,

140 2127 281 2169 magistri
305 2133 496 2159 sententiam
519 2128 564 2160 sie
586 2128 784 2170 interpretati
807 2129 888 2168 sint3
912 2129 950 2161 cf.
975 2129 1051 2160 Eth.
1068 2130 1151 2162 Eud.
1176 2129 1242 2169 VH,
1268 2129 1298 2162 6.

141 2184 263 2216 Auctor
286 2184 477 2226 Magnorum
500 2185 670 2218 Moralium
694 2185 740 2224 (id
765 2185 850 2228 quod
877 2191 1056 2218 memoratu
1077 2186 1300 2227 dignissimum

1101 2240 1167 2272 19*
