1439 2342
0 2098 30 2342 Εζ-εφ
24 2078 27 2088 -
0 0 26 2063 -ss—Wfflstffm

520 65 592 92 Libri
614 65 633 92 1.
676 64 742 99 Cap.
765 64 813 91 IX.
1203 61 1254 97 95

92 178 185 215 cepta
208 173 335 205 tradens
359 173 439 213 (Od.
462 172 530 211 XII,
553 184 584 205 v.
607 171 793 212 219-220).
819 189 861 194 -—
886 167 1014 214 παρῄνει)
1039 172 1175 210 παραινεῖ
1193 171 1252 209 H'·,

91 228 155 268 Kb,
185 240 265 271 quos
289 229 390 261 secuti
412 234 487 260 sunt
511 228 703 261 Cardwellus
727 233 759 259 et
778 226 956 258 Bekkerus.
981 243 1022 250 —
1049 221 1094 258 τὸ·
1117 226 1184 266 τοῦ)
1216 223 1253 266 ὥς

91 285 143 317 τοῦ
163 285 262 323 CCC,
283 283 339 322 Lb‚
358 283 423 323 Οὓς
446 281 480 315 τὸ
502 280 537 322 ὡς
559 282 610 315 τοῦ
623 283 711 322 Ven;
735 282 820 314 τοῦδε
839 283 976 322 Coraes3
999 279 1103 314 τούτου
1117 283 1175 322 Η’“,
1195 281 1254 322 Kb,

93 340 285 373 Cardwellus
301 344 334 371 et
343 339 507 371 Bekkerus
527 350 599 371 cum
612 339 744 370 Homeri
756 342 856 376 textu,
880 349 897 370 e
910 348 973 380 quo
989 337 1071 371 hanc
1083 338 1254 371 lectionem

92 401 236 428 nostrum
259 396 290 427 in
313 396 419 427 locum
441 395 617 437 irrepsisse,
640 404 736 426 nemo
761 405 825 425 non
849 394 953 434 videt3
978 405 1049 426 cum
1072 395 1255 427 memoriter

92 452 234 484 citaverit
266 452 474 490 Aristoteles,
508 450 621 493 integri
655 461 776 492 suoque
810 460 942 482 numero
976 449 1110 492 praediti
1145 462 1255 484 versus

92 508 273 540 recordatus
297 519 363 539 non
386 513 445 539 est.

183 564 211 606 ξ.
233 565 264 596 4.
309 560 386 595 κατεῖ
418 560 464 594 τὸν
494 560 621 602 δεύτερόν
653 567 729 602 φασι
760 561 868 599 πλοῦν)
899 560 1107 593 Proverbium
1139 562 1178 594 de
1207 562 1256 601 iis,

93 620 145 662 qui
176 620 370 661 experientia
393 619 479 651 docti
507 618 646 660 pericula
679 623 733 650 aut
764 618 847 649 mala
872 618 977 659 priora
1006 617 1106 649 vitare
1130 618 1255 650 callent.

92 676 172 708 Vide
196 676 303 708 Schol.
328 676 368 707 ad
389 676 472 707 Plat.
489 675 697 707 Phaedonem
723 674 836 714 (Bekk.
853 684 885 715 p.
903 673 1001 711 380:
1025 672 1166 715 παροιμία
1190 670 1256 704 δεύ-

94 745 170 772 τερος
194 730 281 770 πλοῧς
305 729 350 762 ἐπὶ
374 731 427 762 τῶν
451 728 591 771 ἀσφαλῶς
615 744 643 762 τι
667 727 865 769 πραττόντων,
888 725 964 769 παρ’
989 723 1054 760 ἶσον
1078 729 1104 760 οἳ
1129 730 1256 771 διαμαρ-

94 785 183 826 τόντες
206 784 283 819 κατεὶ
307 784 353 818 τὸν
378 784 513 826 πρότερον
542 786 631 818 πλοῦν
655 781 796 825 ἀσφαλῶς
825 781 1096 825 παρασκευάζονται
1118 781 1165 815 τὸν
1189 781 1256 816 δεύ-

94 857 180 883 τερον.
222 840 376 885 Ἐμνήσθη
407 842 438 874 δὲ
467 839 572 883 ταύτης
607 838 656 873 καὶ
682 838 887 882 Ἀριστοτέλης
919 840 944 872 ἓν
977 839 1020 882 τῷ
1048 839 1171 881 δευτέρῳ
1202 839 1256 872 τῶν

90 897 233 937 Ἠθικῶν,
261 896 309 930 καὶ
332 898 492 939 Μένανδρος
515 894 701 938 Κεκρυφάλῳ
731 895 779 928 καὶ
802 896 921 938 Πλοκίῳ
951 894 1000 928 καὶ
1025 896 1256 940 Θεοφορουμένῃ.

94 956 143 988 Cf.
168 955 262 987 Polit.
285 955 341 993 111,
368 954 419 993 13,
444 954 498 985 ubi
521 954 636 985 eodem
660 952 828 994 proverbio
852 953 972 984 Noster
994 952 1104 985 utitur.
1126 970 1167 976 -
1192 951 1256 984 ἕλε’-

93 1013 185 1053 γομεν)
209 1010 323 1052 λέγομεν
346 1011 417 1049 Par,
440 1011 528 1048 Vrat,
552 1003 717 1041 Bekkerus
741 1009 808 1040 sine
832 1013 919 1040 nota.

183 1068 211 1109 ξ.
236 1067 267 1099 5.
313 1064 443 1106 ἑαυτούς)
466 1067 610 1097 Notante
633 1065 749 1103 Zellio,
773 1065 813 1096 de
836 1064 938 1106 prima
960 1075 1098 1105 persona
1120 1074 1254 1105 usurpa-

92 1129 176 1162 tum,
207 1127 244 1154 ut
274 1122 417 1163 saepius3
454 1122 646 1153 Cardwellus
671 1132 743 1152 cum
759 1119 806 1152 Kb
835 1120 952 1152 omisit.
976 1138 1020 1143 --
1050 1116 1254 1160 ἀπαγαγόντες)

91 1190 135 1211 sc.
160 1175 234 1221 ἡμεῖς
258 1174 369 1215 αὐτούς.
404 1178 533 1219 Legunt
555 1173 711 1218 ἀπάγοντες
726 1177 799 1215 Par,
818 1174 876 1216 Kb,
892 1175 956 1214 Mb,
975 1174 1033 1215 Nb,
1051 1175 1255 1209 Cardwellus.

181 1235 210 1276 ξ.
235 1234 265 1268 6.
311 1234 336 1265 οἱ
366 1233 574 1275 δημογέροντες)
610 1233 770 1264 Homerus
795 1232 914 1271 (Iliad.,
938 1231 995 1271 ῙΠ,
1022 1243 1052 1264 v.
1078 1230 1255 1268 158-160)

92 1301 147 1322 eos
171 1290 214 1322 ita
237 1290 404 1332 loquentes
428 1288 566 1320 inducit:

325 1355 413 1387 Ἀἶννῖς
431 1351 575 1392 ἀθανάτῃσι
594 1353 657 1391 ἓεῇς
676 1356 710 1385 εἰς
729 1351 782 1381 «sina
801 1355 882 1380 ἔοικεν·

326 1400 397 1431 ἀλλὰ
413 1405 453 1429 καὶ
471 1399 514 1435 ὣς,
534 1402 631 1436 τοίηπερ
650 1400 720 1428 ἐοῦσ-’
742 1403 764 1428 ἓν
783 1403 851 1434 νηυσὶ
872 1402 974 1433 νεέσθω,

328 1449 383 1485 μηδ’
406 1448 462 1486 ἡμῖν
482 1448 596 1476 τεκέεσσί
614 1446 638 1475 τ’
660 1447 761 1475 ὀπίσσω
781 1446 850 1483 πῆμα
868 1447 976 1474 λίποιτο.

181 1514 210 1554 ξ.
230 1514 259 1545 7.
296 1509 456 1553 ἀνδρώδεις)
482 1512 648 1553 Vulgatam
673 1508 721 1542 καὶ
746 1507 894 1550 ἀνδρώδεις
914 1508 1065 1541 exhibent
1086 1508 1145 1540 soli
1168 1509 1255 1541 CCC

92 1574 124 1600 et
148 1569 235 1600 Vrat.
282 1569 414 1600 Brevior
439 1573 597 1599 structura
622 1567 723 1607 magis
748 1567 868 1607 placet3
900 1565 926 1596 si
949 1565 1034 1606 legas
1057 1563 1119 1603 καί,
1143 1566 1256 1607 supple

93 1624 253 1666 ἐπαινοῦμεν
278 1625 317 1655 ad
340 1623 574 1664 χαλεπαίνοντας.
614 1623 667 1654 Sic
683 1622 923 1663 paraphrastes,
947 1632 965 1652 a
992 1631 1053 1663 quo
1078 1625 1182 1652 ortum
1206 1626 1257 1652 est

92 1681 167 1712 illud
190 1679 249 1712 καί.
295 1680 488 1712 Cardwellus
512 1691 584 1711 cum
608 1677 655 1710 Kb
682 1675 891 1715 ἀποκαλοῦντες
915 1677 1041 1718 legens,
1066 1676 1186 1708 omittit
1208 1675 1261 1708 καί

93 1741 125 1768 et
155 1740 262 1767 tamen
290 1735 515 1776 χαλεπαίνοντας
546 1734 586 1766 ad
619 1733 781 1775 ἐπαινοῦμεν
813 1734 919 1765 refert.
964 1732 1046 1764 Infia
1071 1732 1148 1773 (IV,
1170 1744 1197 1764 c.
1223 1734 1254 1771 5,

94 1793 121 1833 ξ.
137 1792 201 1833 13),
217 1791 272 1823 ubi
288 1792 400 1823 eadem
414 1792 478 1823 fere
493 1790 589 1822 verba
605 1794 804 1831 repetuntur,
822 1788 917 1820 etiam
934 1784 1083 1828 ἀνδρώδεις
1098 1788 1138 1820 ad
1155 1788 1256 1830 φαμέν,

94 1859 156 1880 non
181 1848 221 1879 ad
245 1847 407 1889 ἐπαινοῦμεν
430 1848 579 1883 refertur,
605 1846 677 1888 quia
700 1842 850 1886 ἀνδρώδεις
874 1844 994 1875 laudari
1017 1855 1074 1885 per
1098 1855 1132 1876 se
1155 1849 1255 1885 patet.

183 1905 211 1944 ξ.
228 1903 259 1935 8.
297 1903 351 1934 τῶν
370 1902 529 1944 αἰσθητῶν)
556 1902 684 1943 Quippe
708 1900 879 1939 sensibilia,
904 1911 984 1942 quae
1001 1901 1118 1932 circum
1135 1900 1257 1941 singula

95 1964 275 1997 versantur,
306 1959 535 1990 universalibus
566 1958 670 1990 minus
699 1957 819 1989 scibilia
847 1961 940 1996 sunt;
975 1957 1013 1988 cf.
1045 1966 1140 1999 supra
1169 1955 1209 1986 ad
1232 1954 1256 1993 Ι,

95 2027 121 2047 c.
147 2015 185 2054 2,
211 2015 239 2056 ᾧ.
265 2014 303 2054 3,
326 2026 359 2056 p.
384 2014 420 2054 93
445 2020 478 2046 et
499 2015 539 2046 ad
563 2026 590 2046 c.
615 2013 652 2052 4,
677 2014 705 2055 ξ.
731 2014 769 2053 5,
792 2024 825 2054 p.
850 2013 904 2044 21.

187 2071 216 2112 ξ.
241 2071 272 2104 9.
306 2069 454 2111 τοσοῦτον)
478 2070 642 2102 Bekkerus
667 2081 706 2102 ex
721 2070 778 2108 Ha,
803 2074 836 2101 et
847 2068 894 2101 Kb
919 2066 1139 2109 (dissentiente
1155 2066 1256 2098 Card-

61 2155 67 2158 ,
96 2127 198 2167 wello)
220 2127 354 2159 τοσοῦτο.
367 2145 411 2151 -
427 2127 524 2168 δηλοῖ)
543 2125 724 2159 ETurnebi
743 2125 905 2158 codicibus
925 2129 957 2156 et
976 2123 1116 2156 editione
1133 2122 1255 2155 Casan-
