1439 2342
191 41 240 77 58
471 43 648 68 Commenta.
676 40 710 66 nd
730 39 838 66 Armet.
859 39 945 66 Echio.
967 39 1070 66 Nicom.

193 145 229 181 οὗ
250 163 288 187 τις
312 149 411 189 ἐρᾶται
435 149 529 187 τυχεῖν
559 146 660 178 codex
684 144 877 177 Oxoniensis
900 145 1023 188 collegii
1045 146 1187 188 corporis
1211 145 1344 186 Christi3
1366 180 1380 186 ,

193 205 222 236 δὲ
256 207 348 244 τυχεῖν
379 198 413 234 οὗ
442 215 480 240 τις
510 199 629 239 ἕκαστος
659 200 711 242 ἐρᾷ
734 199 820 233 2113
851 205 886 232 et
913 212 1022 244 margo
1046 201 1170 235 2114.“
1214 201 1346 235 variant

191 261 266 291 item
290 259 415 290 codices
440 257 666 288 Eudemiorum
691 255 722 296 (l.
744 255 796 295 1.),
828 266 900 287 cum
924 257 950 288 Z
974 262 1008 289 et
1030 255 1083 289 Mb
1104 257 1211 300 legant
1234 255 1344 300 ἔραται,

191 313 232 346 pi>
254 314 363 354 ἐρᾶται,
387 323 498 344 omnes
522 309 557 342 τό
579 312 737 343 omittant.
755 311 868 343 Procul
883 311 980 344 dubio
1003 313 1150 346 articulus
1166 314 1249 346 male
1271 325 1343 347 cum

190 369 286 401 verbo
310 370 496 411 conjunctus
519 368 577 398 fuit
601 378 619 398 a
642 366 784 398 librariis.

279 426 306 466 ξ.
334 425 384 457 15.
431 419 513 466 ὅμως)
547 423 638 454 Hanc
661 433 771 454 vocem
796 422 862 464 jam
887 423 1064 465 Giphanius
1095 430 1182 458 recte
1207 425 1342 468 expliea-

190 481 253 513 vit:
297 480 368 512 Etsi
399 480 516 511 dictum
547 483 614 516 est,
647 477 875 509 beatitudinem
903 489 974 511 esse
1004 481 1176 521 perfectam
1206 492 1224 513 e
1246 492 1280 513 se
1311 486 1345 513 et

189 538 352 577 integram,
377 536 419 566 ita
442 540 477 566 ut
495 534 642 565 virtutem
667 538 700 565 et
718 534 912 575 voluptatem
936 535 1145 567 essentialiter
1166 536 1198 567 in
1215 547 1250 569 se
1265 547 1342 569 con-

189 593 306 630 tineat,
330 597 435 622 tamen
459 595 660 621 externorum
684 589 838 621 bonorum
863 590 1052 622 adminiculo
1081 596 1230 633 tanquam
1254 593 1344 624 addi-

189 652 332 679 tamento
356 646 475 687 indiget
495 645 689 677 extrinsecus
714 646 824 686 petito.
853 664 889 669 —
917 642 964 677 ὁιιὶ
989 645 1088 686 φίλων)
1112 648 1279 687 Amicitia,
1304 649 1343 681 de

189 715 250 746 qua
279 703 442 744 disputant
471 701 542 732 libri
565 701 634 733 VIII
665 707 698 733 et
724 702 783 740 IX,
816 702 855 733 ad
886 702 1061 743 appetitum
1093 703 1241 736 socialem
1270 714 1344 745 per·
1395 735 1397 739 ,

189 760 278 791 tinet.

277 815 305 856 ᾧ.
326 814 376 847 16.
410 809 594 854 ῥυπαίνσυσι)
618 813 681 855 Ipsi
704 813 850 854 polluunt
872 814 1065 852 felicitatem,
1090 814 1179 856 quasi
1201 815 1342 857 ipsorum
1388 827 1398 844 ἰ

188 871 279 912 culpa
302 870 359 909 sit3
391 881 463 901 nam
492 869 568 901 boni
598 874 630 901 et
653 881 672 901 a
692 869 762 901 Diis
791 869 875 911 diligi
907 870 1112 910 putabantur,
1143 872 1343 914 externisque

189 933 221 958 et
244 926 382 968 corporis
414 926 564 958 cumulari
594 925 696 956 bonis.
723 944 763 949 —
796 923 968 967 παναισχής)
997 925 1071 957 Jam
1100 927 1264 968 insigniter
1285 928 1342 960 de—

188 983 294 1014 formis
319 992 383 1013 non
408 982 549 1023 corporis
573 986 696 1012 tantum
719 980 804 1013 bono
828 982 969 1022 privatus
993 993 1064 1014 esse
1087 982 1262 1023 videbatur,
1285 983 1342 1016 sed

188 1044 220 1070 et
253 1039 385 1070 virtute:
424 1043 460 1069 ut
491 1039 638 1070 Socrates
673 1037 741 1079 ipse
769 1037 912 1076 dicebat,
951 1049 1079 1079 pravam
1115 1050 1149 1070 se
1184 1050 1202 1070 a
1231 1044 1343 1071 natura

187 1100 351 1136 acceptam
373 1095 512 1126 indolem
536 1104 660 1125 summo
685 1093 789 1125 studio
813 1105 849 1125 ac
865 1094 971 1125 labore
996 1095 1035 1125 ad
1051 1095 1199 1126 virtutem
1213 1095 1341 1127 tandem
1385 1128 1390 1136 ι

188 1151 323 1182 flexisse.
350 1169 387 1174 —
415 1147 547 1191 ὂυςγενής)
572 1149 761 1182 Praesertim
784 1150 823 1181 de
847 1161 902 1188 eo,
927 1150 979 1192 qui
1002 1161 1111 1182 servus
1135 1156 1227 1182 natus
1251 1151 1301 1182 sit.

276 1208 303 1248 ξ.
334 1207 380 1238 17.
428 1204 500 1246 ἔνιοι)
526 1206 616 1237 Prius
641 1203 703 1237 ἔνιοι
727 1206 871 1247 designat
890 1206 1094 1247 Cyrenaicos,
1119 1206 1252 1238 alterum
1276 1207 1341 1249 Cy-

187 1263 292 1295 nicos:
317 1268 438 1304 etpost
450 1262 655 1294 Aristotelem
671 1262 846 1303 Epicureos
863 1266 897 1293 et
909 1262 1047 1294 Stoicos.
1082 1262 1145 1293 Pro
1167 1263 1342 1303 posteriore

189 1317 251 1350 ἔνιοι
273 1319 381 1360 legunt
405 1316 494 1359 ἕτεροι
516 1317 708 1350 Cardwellus
732 1323 765 1349 et
784 1318 946 1349 Bekkerus
971 1317 1144 1349 secundum
1165 1316 1211 1350 Kb
1235 1323 1269 1350 et
1283 1316 1341 1350 Νι).

277 1375 450 1406 CAI'.1X.
475 1375 503 1416 ᾧ.
526 1375 550 1406 l.
578 1374 668 1415 (Cap.
683 1374 734 1414 X.)
759 1371 877 1413 πότερόν
890 1374 962 1413 ἐστι)
983 1374 1158 1415 Postquam
1172 1373 1341 1406 beatitudi-

187 1442 260 1462 nem
280 1432 311 1462 in
329 1430 485 1472 categoria
506 1429 702 1461 substantiae
721 1426 840 1470 (σῦσίας)
859 1430 1080 1467 consideravit,
1104 1429 1124 1460 i.
1138 1440 1165 1461 e.
1183 1430 1340 1462 definitio-

187 1498 259 1518 nem
274 1486 377 1527 (λέγω)
392 1488 459 1528 ejus
473 1486 628 1528 exposuit,
637 1487 703 1527 jam
717 1486 748 1517 in
765 1486 857 1517 tertia
872 1486 964 1527 liujus
978 1485 1047 1516 libri
1061 1491 1151 1527 parte
1167 1487 1340 1518 secundum
1385 1482 1403 1530 ᾖ

187 1544 338 1585 quasdam
362 1543 436 1574 alias
453 1542 627 1583 categorias
644 1542 683 1573 de
699 1542 809 1573 cadem
827 1541 979 1583 disputat,
1005 1541 1184 1583 inquirens:
1214 1543 1245 1581 l)
1262 1553 1341 1584 quae
1380 1551 1394 1584 ζ.

187 1599 229 1630 sit
252 1600 318 1640 ejus
342 1611 437 1630 causa
460 1599 617 1636 efficiens,
647 1594 663 1639 ἡ
688 1594 767 1639 ἁρχὴ
793 1592 858 1630 ἕθεν
883 1594 899 1639 ἡ
923 1596 1027 1638 κίνησις
1053 1599 1179 1638 (nostro
1203 1599 1340 1640 capite);
1386 1615 1390 1627 ι

187 1655 218 1694 2)
244 1654 315 1685 ποτέ
345 1656 382 1693 (c.
412 1655 479 1693 lO);
513 1655 542 1694 33)
569 1651 637 1694 πρός
661 1667 688 1685 τι
719 1655 757 1694 (c.
786 1654 854 1693 11);
889 1654 924 1693 4)
948 1650 1027 1685 πειέν
1056 1657 1097 1692 (c.
1126 1654 1198 1693 12);
1229 1656 1260 1694 5)
1286 1654 1343 1686 ποῦ
1391 1665 1393 1669 ⁴

189 1711 227 1750 (c.
255 1710 324 1748 13)·‚
357 1721 434 1751 qnae
459 1710 631 1741 accidentia
655 1710 749 1741 etiam
779 1710 818 1740 ad
841 1709 941 1750 ipsam
966 1709 1205 1740 substantialem
1230 1710 1341 1741 defini·
1386 1728 1390 1733 ·

188 1765 307 1796 tionem
331 1765 452 1805 planius
475 1766 726 1806 perspiciendam
752 1776 953 1806 summopere
975 1765 1102 1803 faciunt,
1128 1769 1214 1796 etex
1230 1765 1341 1797 eadem

187 1826 370 1862 sequuntur.
397 1822 546 1852 Ceterum
563 1822 600 1851 dc
618 1822 801 1862 quaestione
817 1821 878 1852 hoc
895 1820 996 1862 capite
1009 1821 1173 1862 proposita
1185 1820 1256 1852 vide
1264 1821 1340 1853 Eth.
1383 1811 1397 1853 ι’.

186 1877 269 1909 Eud.
301 1876 330 1913 Ι,
366 1877 392 1907 1.
444 1876 552 1907 Oritur
581 1882 684 1907 autem
715 1878 783 1918 ipsa
812 1888 851 1908 ex
878 1877 931 1914 iis,
964 1887 1043 1918 quae
1073 1876 1104 1907 in
1136 1877 1198 1908 fine
1229 1876 1341 1918 capitis

187 1932 405 1974 praecedentis
429 1931 653 1972 disputaverat.
701 1934 781 1963 Cum
806 1933 889 1964 enim
919 1932 1010 1963 bonis
1041 1932 1178 1963 externis
1210 1932 1248 1963 ad
1272 1931 1340 1963 feli·
1392 1970 1396 1979 ¹

186 1989 314 2020 citatem
346 1999 426 2029 opus
457 1988 515 2025 sit,
550 1987 769 2029 inquirendum
801 1994 864 2028 est,
901 1993 1005 2020 utrum
1041 1988 1171 2020 omnino
1200 1998 1217 2019 e
1246 1999 1340 2019 eausa
1386 2023 1394 2030 ⁵
1426 2024 1427 2037 χ

187 2049 316 2076 externa
340 2041 452 2087 (τύχῃ),
475 2056 514 2075 an
537 2044 660 2075 interna
684 2040 826 2085 (ἀσκήσει)
852 2044 1026 2085 proveniat.
1075 2043 1247 2086 Conjungit
1269 2043 1338 2075 Ari-

187 2100 317 2132 stoteles
341 2105 505 2142 utramque
529 2099 730 2142 opinionem,
754 2111 824 2131 cum
848 2100 1002 2132 internam
1028 2105 1060 2132 et
1083 2104 1243 2132 externam
1268 2109 1339 2140 par-
1389 2096 1396 2102 ⁸
