1439 2342
467 37 540 64 Libri
562 37 594 64 11.
637 38 703 72 Gap.
725 37 762 64 v1
785 38 840 71 (v).
1179 37 1228 72 85

71 158 140 183 σεως
161 146 217 184 (cf.
241 145 315 177 Eth.
335 145 417 177 Eud.
441 145 477 184 II,
502 145 540 179 3:
566 142 582 186 ἡ
605 145 653 187 μὲν
676 143 731 186 γάρ
755 145 860 186 κίνησις
883 144 1007 186 συνεχὲς,
1031 141 1048 186 ἡ
1071 144 1102 176 ὁέ
1127 146 1228 186 πρᾶξις

69 200 200 242 κίνησις).
253 200 458 233 Immutabilis
490 211 564 232 vero
596 201 746 243 cogitatio
776 201 975 243 cogitationis
1010 200 1068 232 sub
1100 206 1226 243 tempus

69 268 135 288 non
158 256 256 296 cadit3
280 261 472 298 quapropter
494 267 569 287 mox
594 257 645 297 (ξ.
672 256 736 295 10)
760 256 860 294 dicet,
886 257 1021 288 morales
1045 257 1141 288 modo
1164 257 1226 288 vir-

70 318 172 350 tutes,
202 323 266 343 non
296 322 367 351 eas,
393 323 474 353 quae
497 312 529 342 in
553 312 674 343 ratione
706 312 828 353 positae
857 318 948 351 sunt,
978 313 1228 344 mediocritatem

68 369 217 409 recipere.
232 384 274 389 —
290 365 366 405 ΐσον)
391 367 567 405 Motellius‚
592 367 771 405 Turnebus,
796 368 959 399 Bekkerus
984 379 1110 410 semper
1132 368 1228 400 corri-

68 427 205 466 puerunt
227 422 363 464 priorem
385 422 548 464 syllabam.
594 422 857 461 Inconstantiam,
881 435 960 465 quae
984 424 1015 454 in
1037 424 1114 462 Ald,
1145 425 1228 466 apud

67 479 261 518 Duvallium,
284 478 531 516 IVilkinsonum,
557 490 670 520 meque
694 483 808 517 exstat,
825 479 891 520 jam
906 479 1069 510 Krischius
1090 481 1133 520 (p.
1150 480 1227 519 401)

63 536 134 577 jure
161 534 360 576 vituperavit.
407 535 560 567 Produxit
591 545 716 575 semper
745 534 898 576 syllabam
925 535 1062 574 Coraes,
1093 535 1228 566 fortasse

68 591 140 633 quia
156 590 239 632 apud
256 591 448 622 recentiores
462 591 602 622 Graecos
620 595 768 622 accentus
785 591 993 632 quantitatem
1009 590 1116 622 trahit.
1143 591 1228 624 Quid

67 646 192 679 codices
210 646 326 687 legant,
343 647 526 688 plerumque
545 647 716 687 ignoratur,
734 652 868 687 excepto
892 647 976 688 apud
988 646 1123 677 Zellium
1138 647 1227 678 Pari-

73 702 180 741 siensi‚
191 703 244 744 qui
264 702 379 744 ubique
398 703 554 743 corripere
574 702 728 743 syllabam
746 702 868 733 videtur
883 702 970 741 (vide
985 702 1121 733 Zellium
1137 703 1177 734 ad
1189 703 1227 740 V,

68 771 94 791 c.
113 758 143 797 3,
168 758 196 799 ξ.
213 759 252 798 23
276 758 355 796 vlu,
379 770 406 789 c.
426 759 455 797 7,
481 758 508 799 ξ.
527 759 564 796 5;
588 757 668 795 VIII,
693 768 719 788 c.
744 757 774 796 9,
801 757 828 798 ξ.
847 757 883 796 33
906 757 986 795 VIII,
1012 769 1036 789 c.
1059 758 1108 796 11,
1134 758 1162 799 ξ.
1179 759 1226 795 5).

156 814 185 855 ξ.
206 814 237 845 5.
273 814 324 849 τοῦ
347 813 471 852 ὸέοντος)
495 813 582 844 Haec
605 813 701 844 verba
726 824 797 844 cum
822 813 940 844 addant
955 812 1014 843 soli
1030 813 1102 852 Nc,
1127 813 1226 851 CCC,

62 872 128 913 jam
153 881 236 901 nunc
261 870 337 901 mihi
363 870 572 911 expungenda
595 874 628 900 et
652 880 709 910 pro
733 869 924 910 glossemate
948 868 1094 900 habenda
1115 868 1227 900 viden-

67 932 134 966 tur,
166 926 251 968 quod
274 926 340 967 jam
365 926 438 957 inde
466 937 484 956 a
509 925 720 962 Casaubono,
750 925 898 956 Duvallio
930 930 962 955 et
985 925 1096 962 Pacio,
1127 925 1179 965 qui
1210 935 1227 955 e

66 984 136 1015 Ven
160 987 358 1019 sumserunt,
382 982 414 1012 in
438 986 544 1012 textus
569 980 743 1012 editionum
766 981 936 1021 irrepserit.
979 980 1049 1012 Nec
1071 980 1227 1011 recentio-

67 1050 117 1070 res
137 1038 285 1076 editores,
302 1038 432 1076 Zellius,
449 1038 579 1075 Coraes,
598 1037 801 1075 Cardwellus,
815 1036 988 1074 Bekkerus,
1005 1047 1064 1067 nec
1078 1035 1227 1067 vetustis-

68 1095 149 1133 simi,
165 1099 201 1125 ut
212 1093 381 1131 Victorius,
402 1098 588 1135 agnoscunt.
621 1093 738 1124 Putare
751 1092 905 1134 quispiam
924 1092 1037 1134 possit,
1058 1091 1109 1123 τοῦ
1121 1091 1228 1129 δέοντος

67 1150 247 1182 necessario
278 1149 408 1191 requiri,
439 1161 511 1181 cum
542 1160 606 1180 non
633 1149 737 1179 solum
765 1148 904 1179 medium
935 1148 973 1179 ad
1003 1158 1063 1178 nos
1094 1147 1228 1178 relatum

67 1217 170 1248 neque
194 1210 323 1247 superet
345 1216 448 1247 neque
472 1205 611 1244 deficiat,
636 1204 693 1236 sed
717 1209 749 1236 et
772 1204 912 1235 medium
936 1215 974 1234 ex
997 1214 1030 1235 re
1054 1203 1124 1244 ipsa
1140 1203 1226 1244 judi-

68 1267 173 1294 catum
181 1275 190 1302 3
214 1262 258 1293 ita
280 1267 316 1293 ut
331 1262 370 1293 ad
387 1262 465 1293 haec
481 1262 544 1293 duo
568 1261 673 1292 media
689 1260 911 1301 distinguenda
932 1259 1100 1291 adderetur
1122 1259 1227 1290 medio

68 1319 107 1350 ad
129 1329 190 1349 nos
213 1318 312 1349 relato
336 1315 368 1349 το
393 1317 463 1355 ὁέον,
487 1317 572 1359 quod
596 1316 805 1358 significaret:
837 1317 873 1347 id
899 1317 979 1356 quod
1003 1319 1117 1356 oportet
1144 1316 1229 1346 nobis

68 1376 182 1406 adesse.
228 1374 272 1405 Et
295 1375 349 1405 tali
380 1385 418 1405 ex
438 1374 561 1405 ratione
586 1373 682 1404 etiam
706 1377 775 1404 orta
799 1383 870 1404 esse
893 1372 986 1403 lectio
1009 1371 1149 1409 videtur,
1178 1371 1229 1402 vel

69 1442 108 1462 ex
132 1430 238 1472 §.15-
282 1430 346 1462 Sed
369 1429 464 1461 verba
487 1423 501 1461 ἓ
526 1427 597 1471 μήτε
621 1427 767 1467 πλεονάζει
790 1426 861 1470 μήτε
888 1426 1008 1459 ἐλλείπει
1026 1428 1094 1469 jam
1116 1438 1173 1468 per
1195 1437 1230 1458 se

68 1487 145 1518 satis
169 1487 420 1518 mediocritatem
451 1486 490 1517 ad
514 1497 573 1517 nos
597 1485 728 1517 relatam
752 1485 909 1522 indicant,
937 1495 1010 1514 cum
1033 1483 1078 1514 rei
1101 1482 1228 1524 quidem

68 1543 206 1574 medium
235 1542 339 1574 verbis
375 1540 406 1573 τὲ
437 1540 497 1573 ἴσον
532 1539 642 1581 ἀπέχον
671 1537 726 1579 ἀφ’
758 1539 891 1579 ἑκατέρου
927 1539 979 1570 τῶν
1011 1531 1102 1577 ἄκρων
1137 1542 1230 1570 antea

69 1599 268 1640 designatum
299 1599 349 1629 sit.
399 1598 549 1630 Ceterum
582 1608 641 1628 nec
664 1596 817 1637 Aspasius
847 1606 907 1627 nec
929 1594 1145 1636 Argyropylus
1176 1589 1231 1624 τοῦ

68 1655 177 1692 δέοντος
209 1659 401 1695 agnoscunt,
432 1658 464 1685 et
492 1653 633 1684 abundat
663 1663 756 1690 sane,
793 1663 865 1683 cum
897 1661 1061 1683 excessum
1091 1654 1146 1681 aut
1172 1650 1228 1681 de-

68 1711 185 1742 fectum
211 1721 372 1751 nunquam
396 1721 467 1741 esse
491 1714 649 1750 oporteat,
675 1708 725 1739 τσῧ
750 1707 857 1746 δέοντος
881 1707 974 1749 igitur
991 1705 1081 1738 facile
1096 1705 1229 1746 intelligi

70 1767 182 1808 possit.
228 1767 278 1797 Ne
302 1766 527 1807 paraphrastes
552 1764 680 1806 quidem
711 1765 768 1796 has
799 1774 894 1796 voces
918 1761 1055 1800 addidit,
1086 1761 1228 1804 quamvis

71 1828 103 1855 et
134 1823 165 1853 in
195 1822 238 1854 rei
268 1822 373 1853 medio
405 1827 546 1853 extrema
576 1819 636 1852 ἴσον
664 1816 839 1861 ὑπερέχοντα
870 1817 918 1851 καὶ
950 1817 1115 1850 ἐλλείποντα
1146 1829 1228 1849 nun-

71 1885 176 1920 cupet.

159 1935 187 1975 {n
220 1935 249 1966 7.
302 1934 368 1975 μνᾶ,-
401 1936 516 1974 ῲοιγεΐν,
552 1930 648 1972 πολύ)
681 1932 874 1965 Cardwellus
903 1936 936 1963 et
965 1930 1128 1962 Bekkerus
1163 1931 1233 1970 μναῖ

73 1993 171 2031 φαγεῖν
204 1988 294 2027 πολύ,
330 1990 431 2021 secuti
460 1990 586 2021 codices
615 1989 676 2028 Hss,
707 1987 764 2026 Kb,
797 1986 852 2026 Lb,
884 1985 946 2019 Mb.
994 1986 1028 2018 Si
1058 1986 1101 2017 ita
1131 1985 1228 2026 legas,

72 2047 183 2089 supple
210 2045 279 2083 εἰσί,
310 2046 358 2077 sin
388 2050 494 2077 autem
523 2046 682 2087 vulgatam
713 2055 839 2082 serves,
872 2042 955 2074 ἐστίν.
990 2060 1026 2064 -—
1062 2038 1228 2081 προςτάξει)

72 2103 238 2145 Vulgatam
271 2100 447 2142 προςτάξειεν
477 2101 535 2133 soli
559 2101 637 2139 Nc,
666 2102 758 2138 Vrat‚
788 2101 873 2138 Ven3
902 2100 1058 2135 futurum,
1090 2097 1174 2138 quod
1197 2102 1230 2128 et
