1439 2342
179 47 225 82 44
458 49 636 75 commentar.
661 48 694 74 ad
715 48 823 74 Ariston.
847 47 931 73 Ethic.
954 46 1057 73 Nicom.

179 156 382 188 Aristotelem
422 155 482 186 hoc
519 155 590 185 loco
631 153 704 184 ἰδέαν
743 159 776 185 et
812 152 885 191 εἶδος
923 163 988 184 ηοη
1026 163 1083 194 per
1116 153 1237 191 lusum,
1276 152 1332 184 sed

180 212 261 244 serio
284 209 474 242 distinxisse.
520 208 605 246 Εἶδος
629 208 713 240 enim
736 209 798 241 hoc
820 209 892 241 loco
915 208 1061 251 designat
1085 208 1244 250 speeiem,
1268 218 1332 239 non

179 277 289 308 genuS,
313 276 384 296 cum
408 264 492 305 apud
504 264 669 296 Platonem
693 263 765 302 εἶδος
788 270 821 296 et
842 263 915 305 γένος
938 264 1119 306 promiscue
1143 262 1217 295 ἰδέαν
1233 263 1331 305 signi-

179 323 283 353 ficent.
315 320 511 352 Distinxerat
522 320 642 351 Noster
654 319 685 350 in
701 330 817 361 genere
829 320 906 351 duas
922 319 1078 351 bonorum
1092 319 1215 361 species
1231 317 1331 360 (21⁹6*n):

178 377 262 408 bona
284 386 341 417 per
363 386 397 407 se
421 382 453 407 et
475 380 605 417 propter
628 375 721 407 aliud.
766 375 839 407 Jam
863 376 890 406 si
913 376 1019 407 omnia
1041 386 1114 407 vere
1139 375 1233 414 bona,
1261 379 1331 406 tan·

179 442 272 474 quam
296 442 361 462 non
385 431 551 462 existentia
574 441 631 471 per
654 441 704 469 se,
727 430 766 462 ab
788 431 858 462 idea
881 431 1123 469 excluserimus,
1147 437 1180 463 et
1202 431 1332 462 alteram

179 488 317 529 speciem
342 492 465 517 tantum
489 487 591 517 ideam
616 497 686 517 esse
701 486 904 525 voluerimus,
928 487 1006 518 haee
1029 486 1185 518 bonorum
1209 486 1332 527 species

179 543 238 575 erit
259 554 356 580 vana,
387 542 536 582 omnique
559 541 677 573 carebit
700 547 903 583 argumento;
935 553 993 573 nec
1016 547 1124 573 essent
1147 542 1227 572 duae
1257 551 1332 582 spe-

180 600 261 636 cies,
291 598 397 639 generi
421 597 622 628 coordinatae
655 598 713 637 (id,
738 597 823 639 quod
852 603 958 629 tamen
989 597 1245 639 supposuimus),
1276 596 1332 628 sed

179 654 248 684 idea
271 664 351 683 vana
375 658 407 684 et
429 652 598 684 multitudo
623 653 824 685 existentium
849 653 1016 684 bonorum.

267 709 295 750 ξ.
323 709 372 740 11.
419 705 452 739 τὸ
476 705 598 749 ἀγαθόν)
629 710 755 751 Nempe
778 720 818 740 ne
842 720 898 750 per
922 720 955 741 se
979 709 1063 740 bona
1087 708 1213 750 quidem
1237 708 1329 739 unius

179 764 354 796 communis
378 770 453 795 sunt
475 764 574 796 ideae.

267 821 295 861 ξ.
316 820 365 852 12.
400 815 420 860 ἢ
441 819 550 862 μᾶλλον
572 817 639 851 κατ’
664 817 824 861 ἀναλογίαν)
850 820 1066 861 interrogatio,
1091 825 1221 861 propter
1237 830 1330 861 quam

178 882 210 908 et
240 870 298 916 ἆρα
327 875 420 907 edere
454 875 563 913 debui,
595 876 812 908 affirmationis
839 877 902 908 vim
932 876 1044 915 habet3
1076 875 1218 917 sequitur
1247 875 1329 906 enim

176 930 230 971 γάρ
257 931 338 972 (vide
362 941 456 972 supra
480 931 518 962 ad
542 943 569 962 c.
587 933 617 969 2,
643 932 670 972 ᾧ.
688 933 730 971 2).
776 933 902 973 Nempe
927 932 1033 963 omnia
1055 931 1139 962 bona
1163 941 1330 962 commune

178 999 294 1019 nomen
323 997 380 1028 per
411 986 584 1028 analogiam
614 987 746 1026 habent,
777 987 849 1030 quia
877 988 948 1019 finis
973 993 1022 1018 est
1047 987 1135 1018 notio
1165 986 1330 1027 generalis,
1350 1018 1358 1026 ἱ

179 1055 257 1086 quae
282 1042 427 1074 omnibus
452 1042 544 1073 bonis
568 1043 731 1084 competit.
771 1043 805 1075 Si
821 1043 890 1085 quis
906 1043 999 1084 igitur
1022 1042 1210 1073 abstractam
1227 1042 1329 1073 ideam

179 1100 254 1132 boni
277 1109 395 1140 ponere
418 1098 509 1137 velit,
539 1098 616 1130 nihil
640 1099 723 1130 aliud
747 1099 857 1130 statuit
880 1110 916 1130 ac
936 1098 1069 1140 logicam
1091 1097 1256 1129 notionem
1280 1104 1328 1129 te-

177 1155 337 1196 lwlogiae,
364 1165 442 1195 quae
466 1154 592 1196 quidem
617 1165 688 1186 cum
712 1155 798 1186 omni
821 1161 1007 1196 argumento
1031 1160 1150 1191 careat,
1175 1154 1235 1185 hoc
1258 1153 1328 1185 loco

178 1210 456 1253 praetermittenda
479 1210 618 1249 videtur,
643 1222 704 1252 quo
729 1211 768 1242 de
791 1211 926 1242 hominis
950 1211 1012 1241 fine
1035 1209 1146 1250 agitur.

268 1269 295 1308 ξ.
325 1266 372 1297 13.
419 1258 508 1307 ἄλλης
540 1261 571 1297 ἂν
602 1265 644 1307 εἴη
678 1266 863 1306 φιλοσοφίας)
895 1266 914 1298 i.
947 1277 973 1298 e.
1003 1267 1102 1306 partis
1128 1266 1330 1305 philosophiae

180 1321 414 1362 (πραγματείας),
451 1332 516 1352 non
546 1327 651 1353 sectae
681 1322 959 1364 philosophorum:
993 1332 1109 1362 nempe
1139 1320 1185 1361 τῆς
1219 1318 1330 1361 πρώτης

179 1377 362 1415 φιλοσοφίας,
386 1378 406 1408 i.
424 1388 450 1408 e.
467 1378 768 1419 Metaphysicorum,
792 1383 828 1408 ut
844 1378 949 1409 Schol.
966 1377 1064 1408 Paris.
1089 1377 1172 1418 apud
1196 1376 1329 1407 Zellium

178 1432 345 1472 explicant.
392 1434 470 1464 Item
501 1434 743 1474 Paraphrastes:
774 1433 944 1473 θεολεγικεῧ
972 1430 1026 1473 γάρ
1058 1445 1127 1469 τινος
1155 1430 1203 1463 καὶ
1234 1432 1328 1464 τοῦτο,

177 1493 270 1520 vocat
293 1489 375 1519 enim
399 1489 587 1520 Aristoteles
611 1489 743 1530 primam
773 1489 1005 1530 philosophiam
1033 1488 1128 1520 etiam
1160 1484 1327 1528 ἓεολογικήν

180 1543 333 1584 (Metaph.
357 1545 415 1583 Vl,
441 1545 474 1584 l).

268 1599 294 1639 ξ.
324 1600 372 1631 15.
419 1597 451 1630 τὸ
476 1600 568 1640 ἐνδεές)
593 1601 835 1642 paraphrastes:
867 1599 899 1631 τὸ
925 1600 1008 1638 ἐιὸεές
1032 1597 1240 1640 ἀναπληρῶσαι
1265 1598 1330 1629 ἐπι-

179 1654 295 1693 ζητοῦσι
319 1668 345 1684 κ.
372 1667 396 1684 τ.
420 1659 447 1686 λ.
486 1656 643 1688 Scientiae
668 1662 701 1688 et
723 1662 806 1688 artes
830 1657 869 1688 ab
893 1656 1056 1697 explendis
1086 1655 1167 1686 vitae
1191 1653 1330 1686 necessi-

179 1708 295 1739 tatibus
326 1710 476 1750 originem
502 1717 679 1750 traxerunt,
715 1719 847 1753 excepta
870 1711 1089 1753 philosophia,
1121 1721 1200 1751 quae
1221 1720 1330 1741 neces—

180 1764 268 1795 sariis
287 1765 413 1795 demum
431 1765 522 1796 rebus
543 1767 688 1798 omnibus
705 1768 837 1809 repertis
854 1767 974 1800 exstitit
991 1766 1145 1807 (Metaph.
1163 1766 1184 1803 Ι,
1205 1766 1217 1798 1
1239 1770 1272 1796 et
1286 1765 1329 1804 2).

268 1820 296 1860 ξ.
332 1820 380 1853 16.
433 1816 529 1859 οὕτως)
561 1822 634 1852 Νοη
666 1823 770 1854 ideam
800 1823 988 1855 valetudinis
1019 1822 1160 1853 medicus
1191 1821 1329 1861 respicit,

179 1875 235 1906 sed
259 1875 388 1916 hujusce
412 1876 547 1907 hominis
572 1878 795 1910 valetudinem.

269 1930 368 1961 CAP.
394 1930 467 1960 Vll.
516 1933 543 1972 ξ.
575 1934 598 1962 Ι.
640 1934 729 1974 (Cap.
755 1936 803 1973 V.)
849 1932 932 1966 πάλιν
956 1931 984 1965 δ’
1011 1934 1219 1974 ἐπαιὲλὲωμεν)
1243 1933 1330 1964 Haec

180 1988 209 2017 in
240 1986 422 2017 memoriam
453 1987 618 2025 reducere,
657 1989 767 2019 melius
799 1990 828 2020 in
861 1989 1142 2031 praelectionibus,
1177 1999 1269 2030 quam
1299 1988 1330 2019 in

179 2042 258 2073 libro
282 2042 385 2073 locum
411 2042 516 2073 habet.

268 2098 295 2137 ξ.
321 2098 350 2128 ¹2.
398 2097 580 2138 μεταβαίιυ.»υ)
605 2098 769 2130 Aberravit
794 2110 810 2130 a
832 2100 1011 2132 definiendo
1035 2110 1160 2131 summo
1184 2099 1269 2130 bono
1291 2099 1330 2130 nd
