1439 2342
250 72 326 110 270
541 73 722 101 Commenta.
749 72 782 100 td
803 73 913 100 Ari-tot.
933 71 1020 99 Ethie.
1041 71 1146 99 Nicon.

254 185 300 223 (p.
328 179 395 219 79),
420 180 504 222 quod
529 180 590 212 hoc
619 180 785 212 discrimen
815 191 879 212 non
910 180 1035 212 fecerit:
1065 175 1099 219 ὦς
1122 177 1190 212 τῶν
1198 175 1322 220 hayna(

252 234 338 277 χάριν
362 235 460 267 πᾶσαν
484 232 566 268 πόλιν
590 237 801 278 συνεστηκυῖαν,
832 232 895 269 ἄλλ’
920 231 952 268 οὗ
976 235 1027 268 τοῦ
1049 235 1141 268 καλοῦ
1163 234 1311 283 μᾶλλρν.

255 292 510 324 dissertationem
539 303 641 324 meam
674 293 709 324 de
731 293 805 324 DoIi
826 296 856 324 et
875 293 981 334 culpae
1003 297 1064 324 etc.
1087 303 1118 332 p.
1125 281 1187 326 8·
1196 290 1226 324 9.
1264 308 1303 314 -

255 351 350 388 φασι)
373 352 460 388 φασιν
483 361 552 380 ειναι
575 348 812 390 Paraphrastes‚
843 348 1108 387 Par,13ekkerus.

343 404 370 445 ᾧ.
396 405 426 437 5.
473 404 587 436 Nullus
615 404 718 436 editor
749 404 840 446 hujus
871 405 898 446 ᾦ.
923 409 1112 437 structuram
1144 403 1304 446 percepit,
1335 413 1353 435 c

253 470 348 492 voces
379 458 485 498 θυσίας
516 473 545 491 τε
578 459 720 499 ποιοῦντες
757 461 787 491 in
819 460 944 503 vulgata
974 461 1227 503 interpunctione
1258 469 1320 491 non

254 516 360 555 beant,
385 517 422 547 ad
448 516 532 558 quod
558 517 738 548 referantur.
789 517 904 548 Omnis
928 517 1093 549 difficultas
1117 515 1277 548 evanescit
1296 515 1343 547 dis
1359 513 1367 522 ‘

253 571 432 614 guentibus,
455 577 491 603 ut
514 583 590 603 nos:
616 568 716 615 ὁμοίως
740 572 773 604 δέ
794 578 844 605 est
859 573 1056 605 continuatio
1079 573 1305 614 exemplorum,
1329 582 1349 614 q

253 629 327 660 inde
351 629 390 660 ab
414 626 470 660 οἷὀν
493 628 638 671 πλωτῆρες
663 629 850 670 afferuntur3
882 631 962 662 refer
992 628 1131 667 ποιοῦντες
1155 629 1192 660 ad
1217 627 1338 666 φυλέται

255 681 395 727 δημόταις
420 685 686 727 parenthesinque
710 696 748 716 eo
772 685 834 717 fine
857 686 1052 728 interjectam
1076 690 1185 728 putes,
1216 690 1252 716 ut
1273 684 1359 716 socie

255 745 303 772 tes
338 741 465 783 jucundi
501 752 594 773 causa
630 741 830 780 conciliatas,
865 742 905 773 ad
941 753 1071 785 quarum
1107 741 1251 783 exempla
1285 745 1353 772 tran

256 807 355 838 aeque
370 807 406 828 ac
423 797 592 828 societates
613 797 708 828 utiles
733 797 770 828 ad
794 797 915 830 civilem
936 799 1121 830 societatem
1145 796 1324 830 referendas
1339 807 1356 828 e

256 858 366 885 auctor
378 853 561 891 contendat,
578 853 694 895 quippe
711 864 790 895 quae
806 865 868 885 non
892 855 1058 886 utilitatem
1075 854 1170 886 modo
1194 858 1327 895 spectet,
1351 863 1366 884 s

256 909 361 940 omnia
385 919 463 951 quae
485 909 522 940 ad
546 910 641 940 vitam
673 909 828 950 pertinent
855 911 1039 953 degendam.
1073 930 1113 936 —-
1144 907 1213 949 πρὸς
1235 907 1368 950 ἐργασίαν

254 962 431 1006 χρημάτων)
456 959 474 1006 ἢ
498 961 567 1004 πρὸς
592 964 724 1005 ἐργασίαν
754 963 912 1007 χρημάτων
939 967 1010 1005 Nc,
1043 967 1129 1004 Vrat,
1159 966 1273 1007 vulget
1303 956 1322 1006 ἦ
1344 975 1363 996 ο

257 1021 387 1059 Coraes,
412 1020 604 1052 Cardwellus
636 1025 668 1051 et
695 1021 857 1054 Bckkerus
887 1023 1059 1055 secundum
1091 1033 1165 1054 suos
1196 1021 1331 1057 codice&
1355 1031 1372 1052 e

255 1083 348 1118 cepto
372 1075 426 1115 Ι),
463 1076 514 1118 qui
538 1087 609 1108 cum
633 1077 683 1116 El,
709 1077 807 1116 CCC,
842 1079 917 1118 Par,
949 1079 1017 1110 Ven
1048 1083 1080 1110 et
1110 1077 1256 1110 omnibus
1279 1077 1371 1109 Victo

255 1131 415 1164 codicibus
451 1131 580 1164 exhibet
616 1138 756 1165 nostram
791 1134 971 1166 lectionem.
1025 1134 1119 1167 Strue
1153 1133 1264 1166 verba:
1298 1129 1368 1173 πρὸς
1423 1168 1426 1178 ι

255 1187 388 1229 ἐργασίαν
410 1180 617 1230 χρημάτων,ἦ’-
639 1202 665 1220 τι
690 1188 825 1221 τοιοῦτον.
850 1208 892 1213 -
928 1190 1164 1229 συστρατιῶται)
1196 1190 1248 1221 Sic
1272 1190 1299 1221 A
1323 1189 1366 1227 (L

254 1244 291 1282 B,
317 1244 356 1282 C,
380 1244 431 1282 El,
457 1243 556 1282 CCC,
581 1244 651 1282 Par,
677 1245 732 1283 H·‚
748 1244 804 1284 Kb,
830 1244 892 1283 Mb,
917 1244 981 1284 N¹¹3
1006 1246 1049 1277 ita
1072 1251 1108 1277 ut
1131 1245 1207 1277 satis
1230 1255 1343 1286 magna
1358 1243 1380 1276 fi

255 1301 442 1332 auctoritate
466 1301 622 1342 vulgatam
648 1302 826 1341 στρατιῶται
844 1302 1061 1343 expellendam
1079 1301 1260 1333 duxerimus
1277 1300 1361 1332 Corn

256 1356 460 1395 Cardwellus,
484 1356 658 1395 Bekkerus,
681 1368 751 1399 ego.
779 1377 813 1383 -
841 1357 946 1396 θυσίας
970 1370 998 1388 τε
1024 1357 1174 1397 ποιοῦντες)
1208 1357 1326 1389 Coraes
1350 1367 1370 1398 p

256 1412 396 1451 ποιοῦντες
426 1412 560 1454 conjecit
583 1412 737 1452 πειοῧνται,
762 1418 794 1444 et
823 1411 869 1445 διό
897 1418 970 1445 ante
994 1412 1099 1452 θυσίας
1129 1413 1283 1445 excidisse
1306 1422 1348 1454 pu

256 1468 378 1510 Reliqui
394 1469 457 1500 fere
474 1479 586 1500 omnes
602 1470 807 1501 masculinum
828 1468 966 1508 ποιοῦντες
984 1469 1022 1500 ad
1037 1468 1171 1501 κοινωνίαι
1192 1469 1296 1500 referri
1312 1478 1372 1509 pos

255 1524 456 1562 arbitrantur,
488 1536 550 1555 non
583 1525 728 1557 videntes
758 1523 908 1564 θιασώτας
935 1523 982 1556 καὶ
1007 1524 1154 1565 ἐρανίστας
1179 1530 1246 1556 tum
1270 1524 1318 1556 bis
1349 1523 1379 1556 di

257 1577 344 1612 θύειν.
368 1580 578 1612 Notissimum
602 1586 706 1612 autem
722 1586 785 1619 est,
806 1581 1049 1612 Atheniensium
1067 1579 1159 1620 φύλοις
1175 1586 1206 1613 et
1220 1578 1362 1620 φρατρίας

255 1633 359 1677 δήμους
391 1647 449 1667 suo
481 1647 622 1678 quosque
653 1638 738 1668 cultu
769 1638 911 1669 Deorum
943 1637 1091 1679 peculiari
1120 1647 1196 1669 usos
1219 1637 1315 1668 fuisse
1346 1639 1360 1674 (

255 1692 406 1723 Nitschii:
439 1693 664 1734 Beschreibunq
693 1694 746 1725 des
771 1694 938 1725 Zustandes
969 1694 1023 1725 der
1055 1694 1220 1732 Griecken,
1251 1693 1290 1724 T.
1315 1692 1344 1731 Ι,

255 1747 452 1785 392-595);
478 1748 519 1778 ita
544 1754 579 1780 ut
602 1749 676 1780 nihil
701 1749 863 1790 impediat,
883 1748 1051 1791 quominus
1069 1747 1208 1786 ποιοῦντες
1225 1748 1262 1779 ad
1287 1746 1379 1787 φυλέτ

254 1800 301 1834 καὶ
325 1800 449 1844 δημόται
482 1805 662 1836 referamus.
711 1805 885 1837 Cardwello
910 1805 1054 1836 assentiri
1083 1815 1145 1836 non
1177 1815 1324 1846 possum,
1356 1815 1377 1846 q

255 1858 395 1898 ποιοῦντες
419 1864 540 1890 mutato
568 1871 681 1901 genere
715 1865 746 1891 et
774 1871 906 1892 numero
935 1861 974 1892 ad
998 1857 1015 1901 ἡ
1039 1857 1174 1901 πολιτική
1196 1860 1302 1892 referri

253 1925 311 1955 pro
335 1915 517 1946 testimonio
541 1915 640 1947 citans
665 1916 744 1948 duos
769 1916 873 1948 locos:
899 1927 916 1948 e
940 1916 1127 1958 Thucydide
1151 1916 1216 1955 (ΙΙΙ,
1240 1927 1268 1948 c.
1294 1915 1352 1955 79)

254 1971 418 2002 Herodoto
442 1971 480 2010 (1,
505 1982 531 2002 o.
560 1971 647 2010 151),
678 1972 731 2003 ubi
755 1964 834 2011 ὄντας
865 1972 904 2004 od
929 1969 1011 2004 πόλιν
1035 1977 1066 2004 et
1089 1969 1182 2010 ἐόντας
1206 1971 1244 2003 ad
1267 1969 1374 2011 Ἀρίσβ

254 2027 366 2058 referre
399 2027 531 2069 cogeris.
578 2027 641 2058 Sed
677 2033 768 2059 notet
803 2028 850 2059 vir
880 2028 1010 2066 doctus,
1045 2027 1123 2059 haec
1154 2026 1306 2059 vocabula
1337 2037 1371 2058 es

254 2083 427 2121 collectiva,
451 2079 618 2124 ἡπολιτική
640 2094 716 2115 vero
729 2083 960 2116 substantivum
979 2082 1182 2116 abstractum.
1197 2100 1242 2106 —
1255 2079 1358 2114 συνόδο
