1439 2342
472 40 546 67 Libri
566 40 586 67 1.
628 39 693 76 Cap.
715 39 779 66 VIII
800 39 868 74 (tx).
1205 38 1253 73 55

93 149 144 181 vel
166 149 250 181 bona
273 149 432 190 corporis,
456 148 550 180 tertia
571 148 760 180 Xenocratis
783 146 868 178 bona
891 151 1031 179 externa.
1078 146 1114 178 Si
1137 156 1251 178 secun-

92 205 165 237 dam
181 203 365 246 opinionem
381 215 456 236 vero
481 214 576 236 sensu
597 203 742 244 accipias,
767 203 810 234 ita
825 208 862 234 ut
876 203 1023 244 voluptas
1047 212 1111 233 non
1127 206 1252 233 tantum

94 260 201 292 addita
231 260 273 291 sit
295 260 490 292 extrinsecus
515 255 595 300 (μεθ’
620 255 750 300 ἡδονῆς),
783 258 839 290 sed
863 269 902 290 ex
925 257 1024 299 ipsius
1047 257 1171 290 virtutis
1194 269 1252 289 na-

92 321 162 348 tura
183 315 328 357 gignatur
358 315 413 355 (ita
437 314 521 346 enim
544 320 630 346 recte
653 314 882 355 paraphrastes
914 310 963 344 οὐκ
989 305 1051 344 ἄνευ
1075 309 1173 354 ἡδονῆς
1197 324 1252 345 ex-

91 370 249 413 plicavit):
280 370 359 402 haec
380 370 488 411 opinio
513 375 546 402 et
568 370 637 411 ipsa
666 370 739 400 ferri
759 374 885 411 potest,
920 374 953 400 et
976 380 1048 400 cum
1072 369 1254 400 Aristotelis

91 431 126 458 et
152 424 296 458 Platonis
326 426 502 463 sententia,
538 425 591 467 qui
619 436 726 456 veram
756 425 952 465 voluptatem
987 424 1095 455 virtuti
1128 435 1254 465 semper

90 482 195 513 inesse
213 486 327 522 putant
344 482 384 522 (ξ.
403 481 454 514 10.
471 482 563 522 sqq.)‚
586 481 686 522 magis
708 480 866 519 convenit,
890 491 984 521 quarn
1006 479 1254 520 Cyrenaicorum

91 537 198 579 opinio
213 537 407 578 voluptatem
420 537 570 568 tuertium
587 536 779 568 additiciam.
789 553 831 558 ——
842 533 946 576 ἕτεροι)
959 535 1156 566 Xenocrates
1171 534 1256 566 bona

90 598 230 631 externa,
245 598 282 624 ut
296 593 506 624 instrumenta
517 592 652 630 virtutis,
673 588 786 633 ὸύναμιν
800 587 970 633 ὑπηρετικήν
985 596 1088 622 vocat.
1120 590 1253 622 Polemo

92 648 263 689 discipulus
285 648 324 680 ab
338 660 375 680 eo
391 648 548 686 desciscit,
573 654 605 679 et
619 647 801 679 Stoicorum
818 647 960 688 opinioni
975 647 1070 685 favet,
1096 646 1148 688 qui
1170 645 1256 677 bona

91 708 221 736 externa
244 704 283 735 de
306 704 454 736 felicitate
477 709 710 735 resecaverunt.
729 723 770 729 —
790 699 1108 744 συμπεριλαμβςῖνσυσι)
1134 714 1254 743 συμπα-

90 757 308 802 ραλαμβάνουσι
336 760 412 798 Par,
443 760 507 798 H2,
537 759 602 798 Kb,
633 757 695 796 Η),
726 757 791 797 Nb,
820 758 1066 799 paraphrastes,
1093 757 1254 789 Cardwel-

90 815 138 847 lus
163 820 196 847 et
207 815 389 855 Bekkerus;
413 826 473 847 nec
494 826 559 846 non
581 815 776 853 Eustratius,
801 814 861 845 etsi
884 815 953 845 Ven
976 813 1122 844 exhibeat
1145 813 1253 854 vulga-

90 876 166 903 tam.
191 871 324 913 Optimo
332 871 403 913 jure
419 872 554 903 correxit
567 871 772 909 Cardwellus,
786 882 858 902 cum
869 870 908 901 de
920 869 1012 901 bonis
1026 869 1164 901 externis
1177 880 1250 910 aga-

89 933 151 966 tur,
176 927 371 959 extrinsecus
393 928 502 959 virtuti
526 927 652 959 additis.
689 928 758 958 Nec
781 926 977 968 praepositio
1001 923 1051 956 σύν
1075 936 1136 956 nos
1153 925 1253 956 offen-

90 983 161 1021 det,
186 983 303 1025 quippe
327 995 400 1016 cum
423 983 508 1014 bona
531 988 662 1015 externa
685 995 748 1014 una
773 995 844 1014 cum
869 982 1010 1023 corporis
1033 981 1127 1012 bonis
1146 981 1255 1012 virtuti

90 1043 303 1071 assumantur.
350 1040 385 1070 Si
414 1050 490 1070 vero
522 1036 827 1082 συμπεριλαμβάνευσι
857 1038 953 1080 legis,
977 1038 1044 1079 jam
1069 1048 1160 1068 suam
1184 1036 1254 1078 opi-

89 1096 219 1127 nionem
246 1095 435 1127 Aristoteles
464 1096 600 1136 profert,
637 1107 698 1136 qua
726 1095 873 1136 voluptas
904 1105 970 1125 non
1003 1094 1252 1124 additamentum

89 1151 213 1183 virtutis
246 1156 311 1190 est,
342 1151 399 1182 sed
429 1151 462 1182 in
491 1151 561 1192 ipsa
591 1151 788 1190 continetur3
821 1151 906 1192 quod
929 1150 969 1182 de
993 1149 1131 1181 externis
1163 1148 1255 1180 bonis

52 1232 56 1233 γ
90 1218 184 1239 nemo
209 1207 404 1239 contendere
427 1212 549 1249 potest.

179 1263 207 1304 ᾧ.
230 1264 259 1295 7.
292 1260 358 1295 ἀλλ’
377 1260 402 1294 ἓν
417 1263 451 1304 γε’
471 1276 498 1294 τι
516 1258 534 1304 ἢ
549 1260 587 1294 τοὶ
605 1263 740 1303 πλεῖστα)
767 1262 820 1294 Sic
836 1261 914 1303 legit
925 1262 976 1300 El,
989 1262 1059 1293 Ven
1078 1267 1111 1292 et
1122 1261 1257 1292 Eustra-

89 1319 162 1351 tius.
205 1318 252 1351 Nb
278 1319 406 1350 exhibet
429 1315 498 1350 ἀλλ’
525 1317 549 1350 ἔν
572 1319 605 1360 γε’
626 1333 663 1357 τι,
687 1316 735 1350 καὶ
758 1315 796 1349 πὶ
820 1320 960 1349 πλεῖσται
983 1318 1093 1359 legunt
1116 1313 1183 1348 ἀλλ’
1210 1314 1262 1347 ἐπί

89 1388 133 1413 τι,
167 1372 216 1406 καὶ
251 1372 286 1406 ταὶ
321 1377 445 1407 πλεῖστα
477 1376 583 1414 CCC,
623 1376 685 1407 Par
723 1375 771 1415 (in
809 1374 948 1415 margine
983 1384 1058 1404 vero
1099 1373 1255 1414 vulgata),

89 1432 177 1470 Vrat,
200 1431 257 1469 H³,
281 1430 343 1470 ΒΡ,
370 1429 427 1470 Ob,
456 1437 489 1462 et
504 1432 576 1462 Ald.
610 1432 702 1463 Tunc
726 1430 821 1462 verba
841 1426 908 1462 ἀλλ’
935 1427 959 1460 ἔν
983 1429 1016 1470 γέ
1038 1443 1065 1461 τι
1088 1429 1138 1460 vel
1163 1427 1213 1459 ἐπί
1229 1441 1257 1459 τι

90 1487 129 1519 ad
153 1484 366 1530 διαμαρτάνειν,
396 1499 462 1518 non
492 1488 531 1518 ad
560 1486 723 1527 κατσρᾶσῧν
754 1487 863 1518 referri
886 1485 1020 1524 debent,
1051 1485 1112 1516 hoc
1140 1495 1256 1515 sensu:

91 1543 225 1579 Quorum
259 1547 381 1575 neutros
405 1544 563 1584 probabile
593 1547 653 1582 est,
684 1545 763 1574 omni
793 1553 832 1573 ea:
854 1545 946 1582 parte
980 1551 1103 1579 erra-re,
1137 1541 1194 1572 sed
1219 1550 1259 1571 επ

89 1601 191 1640 aliqua
214 1601 318 1631 sallem
324 1613 334 1636 ‚·
357 1603 387 1630 et
407 1601 439 1630 in
457 1601 604 1639 plurimis
626 1602 705 1630 recte
727 1600 848 1629 sentire.
895 1597 948 1629 Sic
972 1602 1005 1628 et
1027 1596 1255 1638 Argyropylus.

89 1656 178 1687 Haec
203 1660 253 1686 est
282 1655 394 1694 lectio,
426 1667 520 1696 quam
549 1660 605 1686 aut
633 1655 861 1695 paraphrastes
891 1657 964 1684 ante
995 1652 1104 1684 oculos
1135 1651 1256 1689 habuit,

91 1717 146 1743 aut
170 1723 250 1754 quae
277 1712 384 1752 potius
409 1722 448 1742 ex
469 1711 569 1752 ipsius
593 1710 803 1752 explicatione
825 1714 895 1741 orta
918 1714 977 1747 est,
1002 1720 1074 1740 cum
1096 1708 1196 1740 dicat:
1222 1702 1256 1738 ὧν

432 1766 446 1774 ’.ι

90 1764 251 1806 οὐδετέρως
275 1760 387 1807 εἷ’),σγσν
412 1780 459 1808 ῖς,-
484 1763 622 1807 ἇ).ηὲειέις
647 1767 671 1797 ἐν
696 1766 768 1798 πᾶσι
793 1763 1000 1808 ὁιιιμαρτάνειν,
1027 1761 1106 1796 ἆλλοὶ
1128 1761 1199 1796 καθ’
1230 1763 1256 1794 ’ἐν

90 1837 118 1856 τι
141 1821 221 1866 μόνεν
245 1821 322 1861 ἴσως·
347 1823 371 1854 ἐν
392 1825 448 1861 τῡῖς
473 1822 616 1861 κλείει-εις
640 1822 670 1854 ci}
695 1819 854 1864 ἀληθεύειν.
894 1822 959 1853 Sed
982 1822 1014 1852 in
1037 1821 1097 1852 hac
1119 1820 1257 1851 lectione

90 1880 186 1925 rerba
209 1877 257 1911 καὶ
281 1876 318 1910 τά
343 1881 466 1911 πλεῖστοι
490 1879 649 1919 κετερὲοῧν
673 1879 850 1918 abundant3
874 1890 949 1909 nam
974 1875 998 1908 ἔν
1021 1876 1055 1918 γε’
1074 1890 1102 1908 τι
1129 1876 1189 1917 (vel
1212 1875 1262 1906 ἐπί

90 1937 128 1976 τι)
154 1932 351 1978 διαμαρτάνειν
374 1936 468 1977 plane
490 1936 574 1967 idem
599 1940 665 1973 est,
693 1946 730 1966 ac
752 1931 790 1966 τοὶ
814 1937 939 1966 πλεῖστα
961 1931 1132 1973 κοτερὲνοῧν.
1177 1933 1260 1963 Post

92 1989 160 2024 ἀλλ’
189 1989 214 2023 ἕν
237 1991 271 2033 γέ
292 2005 319 2023 τι
342 1984 438 2032 nee}
459 2003 519 2023 nec
542 1990 596 2023 καί
613 1991 709 2023 habet
724 1990 788 2030 Kb3
813 1996 845 2023 et
867 1991 912 2022 sic
930 1989 1123 2022 Cardwellus
1149 1987 1258 2026 edidit,

90 2048 142 2080 hic
165 2054 197 2080 et
221 2048 347 2089 saepius
370 2048 463 2079 unius
487 2048 605 2080 codicis
629 2048 816 2080 auctoritate
840 2053 960 2078 temere
985 2045 1138 2083 confisus,
1162 2054 1258 2086 prae—

92 2104 200 2137 sertim
223 2104 284 2136 hoc
309 2105 398 2143 loco,
428 2115 499 2136 cum
524 2104 699 2136 secundum
723 2104 903 2136 Bekkerum
928 2102 1028 2134 codex
1050 2100 1102 2132 ille
1132 2105 1207 2141 post
1232 2113 1247 2130 r
