1439 2342
187 86 257 124 136
464 88 643 115 Commentar.
665 87 700 114 ad
720 87 830 115 Aristot.
851 87 938 115 Ethie.
960 87 1064 114 Nieom.

272 197 299 237 ξ.
317 195 370 229 31.
399 191 538 234 καθάπερ
551 191 672 235 εἴρηται)
690 194 761 226 Hoc
776 199 886 226 auctor
900 193 1044 226 nondum
1059 192 1218 236 expressis
1233 193 1338 226 verbis

184 251 361 295 proposuit,
375 250 431 281 sed
443 249 545 281 innuit
556 254 698 281 tantum:
715 250 782 282 sive
793 249 820 291 ᾧ.
833 249 931 288 3-4,
945 249 1065 289 dicens,
1077 249 1167 291 plura
1177 248 1253 281 vitia
1263 254 1339 291 pro:

183 306 334 349 digalitati
360 305 481 344 inesse3
505 305 571 336 sive
593 305 620 346 ᾧ.
638 304 691 344 28,
715 316 789 336 nam
813 316 884 337 cum
908 304 1002 336 ambo
1022 304 1250 346 prodigalitatis
1268 315 1339 337 mo-

183 367 290 394 menta
311 372 375 393 una
397 371 565 402 augescere
588 371 653 392 non
675 360 812 402 possint,
834 360 1001 402 ipsumque
1023 360 1135 392 vitium
1153 359 1186 392 in
1207 360 1340 392 nimium

183 418 288 450 dando
311 416 480 459 praecipue
501 420 658 455 versetur,
687 416 793 458 potius
816 427 926 458 parum
951 415 1092 456 accipere
1114 415 1229 447 minuit
1251 415 1286 455 (i.
1310 426 1338 448 e.

182 473 272 515 plura
300 472 427 512 sumit),
462 482 524 514 quo
553 471 684 502 nimium
715 472 788 503 dare
816 472 916 513 magis
944 471 1108 512 magisque
1138 471 1242 513 possit
1270 481 1339 504 cre-

183 539 282 561 scere.
343 528 397 560 Sic
431 532 464 559 et
492 527 572 559 haec
601 538 662 559 nos
693 526 811 559 debent
840 537 984 566 movere,
1017 531 1055 558 ut
1091 524 1258 568 συναύξεται
1292 526 1339 558 le·

181 594 292 626 gamus
317 583 372 622 (cf.
395 594 427 624 p.
446 583 533 623 135).

270 638 298 679 ᾧ.
331 638 384 670 32.
435 635 557 679 εὐχερῶς
580 656 621 661 -—-
647 635 814 677 δύνασθαι)
848 634 971 679 εὐχερῶς
1006 638 1038 669 ὸὲ
1065 635 1106 680 μὴ
1134 636 1220 669 τοῦτο
1249 639 1336 686 πριεῒν

181 692 228 727 Kb
253 698 287 726 et
313 694 523 734 Cardwellus3
546 690 669 734 εὐχερῶς
692 692 723 725 ὁὶ
747 693 832 725 τοῦτο
855 690 896 736 μὴ
920 695 1008 726 ποιεῖν
1027 694 1085 734 El,
1111 694 1215 733 CCC,
1238 694 1338 726 Para-

182 750 346 792 phrastes3
366 749 489 791 εὐχερῶς
512 749 543 782 ὀὲ
558 748 643 781 τοῦτο
668 751 754 781 ποιεῖν
777 750 840 788 Η”,
865 747 922 781 Ob.

271 806 300 848 ξ.
325 805 378 839 35.
425 806 474 838 Cf.
499 805 712 847 Theophrasti
735 805 959 845 characteres,
989 805 1097 838 XXII:
1130 803 1194 845 περὶ
1225 802 1339 837 ἀνελευ-

181 861 291 902 θερίας.

269 917 297 958 ξ.
322 916 374 949 37.
423 917 472 949 Cf.
497 917 711 959 Theophrasti
734 917 940 950 characteres
969 917 1016 948 X:
1052 914 1116 956 περὶ
1146 915 1338 958 μικρολογίας.

180 992 224 998 -
253 971 303 1014 τῆς
331 968 503 1013 ὑπερβολῆς)
535 983 598 1005 om.
628 973 715 1005 Vrat.
774 972 839 1004 Sed
880 972 952 1004 vide
981 971 1052 1003 infr.
1090 972 1130 1003 ad
1168 972 1213 1011 V,
1255 982 1283 1004 c.
1306 971 1339 1011 5,

180 1028 208 1069 ᾦ.
240 1028 296 1066 12;
329 1027 384 1059 ubi
413 1028 507 1060 etiam
531 1024 664 1070 ὑπεροχή
691 1028 731 1060 de
759 1027 853 1059 nimis
876 1038 974 1069 parvo
997 1032 1175 1068 usurpatur.
1231 1026 1339 1068 Ipsum

182 1088 288 1115 autem
318 1088 462 1114 nostrum
485 1083 674 1115 vocabulum
697 1088 800 1115 exstat
827 1083 889 1114 hoc
913 1093 1009 1114 sensu
1031 1083 1126 1115 Polit.
1141 1082 1213 1122 VII,
1243 1093 1271 1115 c.
1306 1082 1338 1122 5,

181 1139 235 1170 ubi
258 1144 437 1180 utrumque,
461 1143 494 1170 et
514 1136 693 1179 γλισχρότης
716 1144 749 1170 et
770 1135 882 1179 τρυφή,
905 1143 1035 1170 vocatur
1059 1137 1180 1178 ἑκατέρα
1202 1137 1255 1169 τοῦ
1275 1137 1340 1177 βίου

180 1191 198 1235 ἦ
221 1190 384 1235 ὑπερβελή,
418 1194 463 1225 ita
491 1198 526 1225 ut
548 1190 694 1235 ὑπερβολή
716 1194 910 1236 respondeat
938 1204 1068 1235 prorsus
1093 1194 1258 1226 Gallorum
1279 1204 1338 1226 vo-

182 1249 312 1282 cabulo:
337 1251 496 1281 Perit-eme.

270 1305 297 1346 ξ.
322 1305 375 1337 38.
423 1306 473 1337 Cf.
490 1305 702 1347 Theophrasti
719 1305 938 1345 Characteres‚
962 1305 1021 1337 VI:
1047 1303 1110 1345 περὶ
1134 1302 1276 1343 ἀπονοίας.
1297 1324 1336 1330 -

180 1359 229 1393 καὶ
251 1357 289 1392 ‘td
310 1358 399 1403 μικροὶ
424 1358 469 1392 ἐπὶ
494 1361 609 1402 πολλῷ)
657 1361 709 1393 Sic
733 1360 784 1392 *A
809 1360 898 1402 (Lb),
928 1361 972 1399 B,
1004 1361 1030 1393 C
1057 1361 1142 1401 (sed,
1170 1366 1206 1392 ut
1229 1360 1338 1393 scribit

178 1417 339 1456 Millerus,
375 1417 476 1456 „loco
502 1417 622 1458 primae
651 1417 795 1449 lectionis
820 1416 949 1448 abrasae
973 1417 1111 1448 secunda
1141 1428 1253 1448 manus
1276 1417 1338 1449 hoc

179 1472 453 1514 superscripsit“),
476 1473 555 1511 NC,
580 1472 685 1511 CCC,
710 1472 827 1504 Zellius
851 1472 1001 1503 varietate
1025 1472 1169 1504 codicum
1192 1483 1258 1504 non
1280 1482 1338 1504 no-

179 1533 261 1568 tata,
284 1529 346 1568 H“‚
372 1527 436 1568 Ob,
458 1528 567 1570 vulg03
597 1527 650 1559 καί
674 1533 749 1569 post
778 1524 869 1570 μικροί
898 1528 985 1559 addit
1007 1528 1063 1567 Εἰς
1096 1525 1145 1559 καὶ
1176 1525 1212 1559 rc}
1240 1525 1337 1570 μικρὸν
1370 1527 1375 1531 ’
1406 1561 1408 1583 3

179 1581 227 1615 καὶ
262 1581 308 1615 ἐπὶ
343 1583 444 1625 πολλῷ
476 1582 523 1615 Kb
569 1584 755 1624 (secundum
793 1583 1006 1624 Bekkerurn);
1045 1581 1122 1615 κατεὶ
1157 1581 1255 1625 μικρὸν
1291 1581 1337 1615 ἐπὶ

179 1639 281 1680 newa?
303 1637 372 1678 Mb,
396 1637 460 1677 N¹’,
490 1639 665 1671 Bekkerus.
711 1640 785 1671 Non
810 1650 890 1681 opus
922 1645 987 1679 est,
1023 1650 1081 1671 nec
1105 1651 1177 1671 cum
1201 1639 1337 1681 Aspasio

179 1693 346 1733 δανείζοντες
369 1705 386 1726 e
410 1693 552 1735 τεκισταί,
576 1706 635 1727 nec
659 1695 833 1727 secundum
848 1695 982 1726 Zellium
1006 1692 1194 1737 λαμβάνεντες
1217 1706 1235 1727 e
1258 1699 1336 1738 λαμ-

178 1747 268 1788 βάνειν
291 1750 455 1791 supplere3
486 1751 542 1781 scd
559 1751 675 1793 jungas
699 1748 876 1794 ἐργαζόμενοι
900 1747 936 1782 τοὶ
960 1747 1048 1793 μικρεῖ
1073 1748 1119 1782 ἐπὶ
1143 1750 1258 1792 πσλλῷ,
1293 1750 1338 1804 ἱίῖξ

177 1810 214 1836 ut
236 1805 338 1837 Corae
361 1805 587 1846 interpretante
612 1806 670 1838 sit:
695 1804 731 1838 τοὶ
755 1803 855 1848 εὐτελῆ
878 1804 923 1838 ἐπὶ
945 1805 1042 1850 πολλῇ
1072 1806 1143 1850 τιμῇ
1174 1803 1295 1845 διδόντες
1318 1819 1337 1847 η

177 1857 388 1902 ὑπουργοῦντες.
429 1861 483 1893 Sic
499 1865 532 1893 et
547 1862 780 1904 Argyropylus:
807 1865 836 1894 et
856 1863 907 1903 qui
930 1863 1003 1893 dant
1017 1873 1121 1903 parva
1130 1873 1192 1902 pro
1207 1864 1336 1904 mamis.

177 1917 247 1948 Nec
263 1917 468 1948 adversantur
491 1917 563 1949 huic
586 1917 837 1959 interpretationi
859 1917 1023 1960 sequentia
1047 1917 1089 1959 (ξ.
1107 1917 1180 1958 39),
1201 1923 1237 1950 ut
1260 1928 1335 1950 con-

176 1967 279 2004 tendit
306 1972 481 2004 Lambinus
490 1985 499 2012 ;
541 1984 614 2004 nam
644 1973 718 2005 licet
745 1974 776 2005 in
807 1974 912 2015 parvis
935 1974 1032 2005 modo
1061 1973 1154 2005 rebus
1177 1973 1336 2005 lucrentur

177 2025 270 2066 (ἕνεκα
293 2027 408 2069 κέρδους
430 2027 557 2070 μικροῦ),
581 2028 665 2070 quod
683 2029 749 2070 jam
774 2030 802 2070 ξ.
817 2030 870 2063 27.
896 2029 1019 2062 dixerat
1036 2026 1124 2070 (πλὴν
1140 2028 1191 2060 ἐπί
1201 2031 1334 2071 μικροῖς),

176 2081 283 2115 tamen
319 2083 470 2126 majorem
503 2084 606 2116 ferunt
636 2084 830 2124 mercedem,
867 2096 959 2127 quam
990 2096 1048 2127 pro
1087 2095 1183 2126 opere
1211 2083 1334 2126 exigere
1387 2087 1391 2098 ¹

175 2143 318 2179 possunt.
376 2140 420 2170 Et
449 2138 531 2171 hunc
561 2150 689 2171 sensum
715 2151 823 2172 verum
845 2151 931 2180 esse,
968 2141 1061 2172 etiam
1091 2139 1197 2172 statim
1221 2139 1330 2171 subse-
