<?xml version="1.0" encoding="UTF-8"?>
<!DOCTYPE html PUBLIC "-//W3C//DTD XHTML 1.0 Transitional//EN"
    "http://www.w3.org/TR/xhtml1/DTD/xhtml1-transitional.dtd">
<html xmlns="http://www.w3.org/1999/xhtml" xml:lang="en" lang="en">
 <head>
  <title>
</title>
<meta http-equiv="Content-Type" content="text/html;charset=utf-8" />
  <meta name='ocr-system' content='tesseract 3.04.00' />
  <meta name='ocr-capabilities' content='ocr_page ocr_carea ocr_par ocr_line ocrx_word'/>
</head>
<body>
  <div class='ocr_page' id='page_1' title='image "./ethicorumnicomac02arisuoft_0287.png"; bbox 0 0 1439 2342; ppageno 0'>
   <div class='ocr_carea' id='block_1_1' title="bbox 59 0 684 3">
    <p class='ocr_par' dir='ltr' id='par_1_1' title="bbox 59 0 684 3">
     <span class='ocr_line' id='line_1_1' title="bbox 59 0 684 3; baseline 0 0"><span class='ocrx_word' id='word_1_1' title='bbox 59 0 684 3; x_wconf 95' lang='lat' dir='ltr'> </span> 
     </span>
    </p>
   </div>
   <div class='ocr_carea' id='block_1_2' title="bbox 478 100 1259 141">
    <p class='ocr_par' dir='ltr' id='par_1_2' title="bbox 478 100 1259 141">
     <span class='ocr_line' id='line_1_2' title="bbox 478 100 1259 141; baseline 0.003 -7"><span class='ocrx_word' id='word_1_2' title='bbox 478 107 550 135; x_wconf 70' lang='lat' dir='ltr'>uim</span> <span class='ocrx_word' id='word_1_3' title='bbox 572 106 629 134; x_wconf 88' lang='lat' dir='ltr'>vn.</span> <span class='ocrx_word' id='word_1_4' title='bbox 662 105 726 141; x_wconf 69' lang='lat' dir='ltr'>cap.</span> <span class='ocrx_word' id='word_1_5' title='bbox 745 104 783 132; x_wconf 91' lang='lat' dir='ltr'>v1</span> <span class='ocrx_word' id='word_1_6' title='bbox 804 104 888 139; x_wconf 82' lang='lat' dir='ltr'>(vn).</span> <span class='ocrx_word' id='word_1_7' title='bbox 1185 100 1259 136; x_wconf 78' lang='lat'>235</span> 
     </span>
    </p>
   </div>
   <div class='ocr_carea' id='block_1_3' title="bbox 96 213 1298 2228">
    <p class='ocr_par' dir='ltr' id='par_1_3' title="bbox 96 213 1314 2228">
     <span class='ocr_line' id='line_1_3' title="bbox 197 213 1258 259; baseline -0.002 -12"><span class='ocrx_word' id='word_1_8' title='bbox 197 217 225 258; x_wconf 59' lang='grc' dir='ltr'>ξ.</span> <span class='ocrx_word' id='word_1_9' title='bbox 251 215 281 249; x_wconf 89' lang='grc'>9.</span> <span class='ocrx_word' id='word_1_10' title='bbox 312 217 407 259; x_wconf 75' lang='lat' dir='ltr'>(Cap.</span> <span class='ocrx_word' id='word_1_11' title='bbox 428 216 499 255; x_wconf 82' lang='lat' dir='ltr'>vn)</span> <span class='ocrx_word' id='word_1_12' title='bbox 524 217 611 248; x_wconf 85' lang='lat' dir='ltr'>Haec</span> <span class='ocrx_word' id='word_1_13' title='bbox 635 216 662 258; x_wconf 64' lang='grc' dir='ltr'>ξ.</span> <span class='ocrx_word' id='word_1_14' title='bbox 688 226 759 248; x_wconf 87' lang='lat' dir='ltr'>cum</span> <span class='ocrx_word' id='word_1_15' title='bbox 785 215 823 246; x_wconf 79' lang='lat' dir='ltr'>ad</span> <span class='ocrx_word' id='word_1_16' title='bbox 847 213 1068 257; x_wconf 79' lang='lat' dir='ltr'>praecedentia</span> <span class='ocrx_word' id='word_1_17' title='bbox 1090 213 1258 255; x_wconf 83' lang='lat' dir='ltr'><strong>pertineat,</strong></span> 
     </span>
     <span class='ocr_line' id='line_1_4' title="bbox 102 270 990 315; baseline -0.002 -12"><span class='ocrx_word' id='word_1_18' title='bbox 102 282 166 304; x_wconf 88' lang='lat' dir='ltr'>non</span> <span class='ocrx_word' id='word_1_19' title='bbox 190 278 275 304; x_wconf 89' lang='lat' dir='ltr'>recte</span> <span class='ocrx_word' id='word_1_20' title='bbox 299 284 368 304; x_wconf 85' lang='lat' dir='ltr'>eam</span> <span class='ocrx_word' id='word_1_21' title='bbox 392 273 556 305; x_wconf 84' lang='lat' dir='ltr'>Bekkerus</span> <span class='ocrx_word' id='word_1_22' title='bbox 581 272 725 315; x_wconf 85' lang='lat' dir='ltr'>sequenti</span> <span class='ocrx_word' id='word_1_23' title='bbox 748 271 843 313; x_wconf 88' lang='lat' dir='ltr'>capiti</span> <span class='ocrx_word' id='word_1_24' title='bbox 866 270 990 312; x_wconf 87' lang='lat' dir='ltr'>adjecit.</span> 
     </span>
     <span class='ocr_line' id='line_1_5' title="bbox 192 325 1258 370; baseline 0 -12"><span class='ocrx_word' id='word_1_25' title='bbox 192 327 291 359; x_wconf 77' lang='lat' dir='ltr'>CAP.</span> <span class='ocrx_word' id='word_1_26' title='bbox 320 329 377 359; x_wconf 75' lang='lat' dir='ltr'>w.</span> <span class='ocrx_word' id='word_1_27' title='bbox 417 329 444 370; x_wconf 66' lang='grc' dir='ltr'>ξ.</span> <span class='ocrx_word' id='word_1_28' title='bbox 472 329 500 361; x_wconf 84' lang='grc'>1.</span> <span class='ocrx_word' id='word_1_29' title='bbox 540 325 553 359; x_wconf 77' lang='grc' dir='ltr'><em>ὃ</em></span> <span class='ocrx_word' id='word_1_30' title='bbox 577 325 683 370; x_wconf 55' lang='grc' dir='ltr'>θυμός)</span> <span class='ocrx_word' id='word_1_31' title='bbox 724 328 893 369; x_wconf 83' lang='lat' dir='ltr'>Spectatur</span> <span class='ocrx_word' id='word_1_32' title='bbox 923 326 1024 364; x_wconf 73' lang='lat' dir='ltr'>Plato,</span> <span class='ocrx_word' id='word_1_33' title='bbox 1049 326 1183 368; x_wconf 83' lang='lat' dir='ltr'>Republ.</span> <span class='ocrx_word' id='word_1_34' title='bbox 1206 326 1258 365; x_wconf 88' lang='lat' dir='ltr'>lv,</span> 
     </span>
     <span class='ocr_line' id='line_1_6' title="bbox 102 379 1257 427; baseline -0.002 -11"><span class='ocrx_word' id='word_1_35' title='bbox 102 394 134 426; x_wconf 86' lang='lat' dir='ltr'>p.</span> <span class='ocrx_word' id='word_1_36' title='bbox 159 383 223 416; x_wconf 77' lang='grc'>440</span> <span class='ocrx_word' id='word_1_37' title='bbox 249 385 291 425; x_wconf 85' lang='lat' dir='ltr'>(p.</span> <span class='ocrx_word' id='word_1_38' title='bbox 316 384 410 424; x_wconf 80' lang='lat'>203):</span> <span class='ocrx_word' id='word_1_39' title='bbox 450 382 601 427; x_wconf 71' lang='grc' dir='ltr'>ξύμμαχον</span> <span class='ocrx_word' id='word_1_40' title='bbox 627 384 667 425; x_wconf 69' lang='grc' dir='ltr'>τῷ</span> <span class='ocrx_word' id='word_1_41' title='bbox 689 381 766 425; x_wconf 70' lang='grc' dir='ltr'>λόγῳ</span> <span class='ocrx_word' id='word_1_42' title='bbox 782 380 934 424; x_wconf 65' lang='grc' dir='ltr'>γιγνόμενον</span> <span class='ocrx_word' id='word_1_43' title='bbox 959 379 1004 413; x_wconf 65' lang='grc' dir='ltr'>τᾶν</span> <span class='ocrx_word' id='word_1_44' title='bbox 1028 380 1130 424; x_wconf 61' lang='grc' dir='ltr'>θυμόν.</span> <span class='ocrx_word' id='word_1_45' title='bbox 1178 383 1257 414; x_wconf 80' lang='lat' dir='ltr'>Vide</span> 
     </span>
     <span class='ocr_line' id='line_1_7' title="bbox 102 439 1257 482; baseline -0.002 -10"><span class='ocrx_word' id='word_1_46' title='bbox 102 445 204 472; x_wconf 87' lang='lat' dir='ltr'>totum</span> <span class='ocrx_word' id='word_1_47' title='bbox 235 440 355 478; x_wconf 87' lang='lat' dir='ltr'>locum,</span> <span class='ocrx_word' id='word_1_48' title='bbox 395 452 488 482; x_wconf 89' lang='lat' dir='ltr'>quem</span> <span class='ocrx_word' id='word_1_49' title='bbox 519 440 685 482; x_wconf 84' lang='lat' dir='ltr'><strong>proposuit</strong></span> <span class='ocrx_word' id='word_1_50' title='bbox 716 445 747 471; x_wconf 88' lang='lat' dir='ltr'>et</span> <span class='ocrx_word' id='word_1_51' title='bbox 770 440 995 480; x_wconf 84' lang='lat' dir='ltr'>interpretatus</span> <span class='ocrx_word' id='word_1_52' title='bbox 1019 444 1069 470; x_wconf 88' lang='lat' dir='ltr'>est</span> <span class='ocrx_word' id='word_1_53' title='bbox 1092 439 1257 481; x_wconf 88' lang='lat' dir='ltr'>Hegelius:</span> 
     </span>
     <span class='ocr_line' id='line_1_8' title="bbox 106 492 1259 538; baseline -0.001 -11"><span class='ocrx_word' id='word_1_54' title='bbox 106 496 212 528; x_wconf 77' lang='lat' dir='ltr'>Gesch.</span> <span class='ocrx_word' id='word_1_55' title='bbox 238 497 266 528; x_wconf 82' lang='lat' dir='ltr'>d.</span> <span class='ocrx_word' id='word_1_56' title='bbox 291 497 418 534; x_wconf 46' lang='lat' dir='ltr'><em>Phila,</em></span> <span class='ocrx_word' id='word_1_57' title='bbox 443 497 482 528; x_wconf 86' lang='lat' dir='ltr'>T.</span> <span class='ocrx_word' id='word_1_58' title='bbox 509 496 545 534; x_wconf 84' lang='lat'>11,</span> <span class='ocrx_word' id='word_1_59' title='bbox 570 507 600 538; x_wconf 85' lang='lat' dir='ltr'>p.</span> <span class='ocrx_word' id='word_1_60' title='bbox 626 496 701 529; x_wconf 78' lang='lat'>252.</span> <span class='ocrx_word' id='word_1_61' title='bbox 741 515 785 518; x_wconf 94' lang='lat'>—-</span> <span class='ocrx_word' id='word_1_62' title='bbox 816 492 955 536; x_wconf 56' lang='grc' dir='ltr'>πράξεως)</span> <span class='ocrx_word' id='word_1_63' title='bbox 993 493 1168 536; x_wconf 69' lang='grc' dir='ltr'>προςτιὶξεως</span> <span class='ocrx_word' id='word_1_64' title='bbox 1200 494 1259 527; x_wconf 82' lang='lat' dir='ltr'>*A</span> 
     </span>
     <span class='ocr_line' id='line_1_9' title="bbox 103 550 1259 594; baseline 0 -11"><span class='ocrx_word' id='word_1_65' title='bbox 103 550 193 592; x_wconf 69' lang='lat' dir='ltr'>(Lb)‚</span> <span class='ocrx_word' id='word_1_66' title='bbox 220 553 256 590; x_wconf 89' lang='lat' dir='ltr'>B,</span> <span class='ocrx_word' id='word_1_67' title='bbox 283 553 320 590; x_wconf 89' lang='lat' dir='ltr'>C,</span> <span class='ocrx_word' id='word_1_68' title='bbox 346 553 415 591; x_wconf 87' lang='lat' dir='ltr'>Par,</span> <span class='ocrx_word' id='word_1_69' title='bbox 441 554 496 591; x_wconf 71' lang='lat' dir='ltr'>H³‚</span> <span class='ocrx_word' id='word_1_70' title='bbox 520 552 584 592; x_wconf 82' lang='lat' dir='ltr'><strong>K¹¹,</strong></span> <span class='ocrx_word' id='word_1_71' title='bbox 608 551 666 591; x_wconf 80' lang='lat' dir='ltr'>N¹’‚</span> <span class='ocrx_word' id='word_1_72' title='bbox 695 552 819 594; x_wconf 80' lang='lat' dir='ltr'>quidam</span> <span class='ocrx_word' id='word_1_73' title='bbox 844 552 973 582; x_wconf 86' lang='lat' dir='ltr'>Victorii</span> <span class='ocrx_word' id='word_1_74' title='bbox 1005 552 1146 589; x_wconf 84' lang='lat' dir='ltr'>codices,</span> <span class='ocrx_word' id='word_1_75' title='bbox 1181 551 1259 583; x_wconf 89' lang='lat' dir='ltr'>Car-</span> 
     </span>
     <span class='ocr_line' id='line_1_10' title="bbox 105 607 1261 649; baseline -0.001 -9"><span class='ocrx_word' id='word_1_76' title='bbox 105 608 245 647; x_wconf 88' lang='lat' dir='ltr'>dwellus‚</span> <span class='ocrx_word' id='word_1_77' title='bbox 270 609 452 647; x_wconf 73' lang='lat' dir='ltr'>Bekkerus3</span> <span class='ocrx_word' id='word_1_78' title='bbox 476 610 566 640; x_wconf 81' lang='lat' dir='ltr'>fluxit</span> <span class='ocrx_word' id='word_1_79' title='bbox 579 620 595 640; x_wconf 91' lang='lat' dir='ltr'>e</span> <span class='ocrx_word' id='word_1_80' title='bbox 609 609 828 649; x_wconf 76' lang='lat' dir='ltr'>Parapiiraste,</span> <span class='ocrx_word' id='word_1_81' title='bbox 854 607 906 649; x_wconf 90' lang='lat' dir='ltr'>qui</span> <span class='ocrx_word' id='word_1_82' title='bbox 923 607 1040 649; x_wconf 90' lang='lat' dir='ltr'>liquido</span> <span class='ocrx_word' id='word_1_83' title='bbox 1058 608 1101 639; x_wconf 89' lang='lat' dir='ltr'>sic</span> <span class='ocrx_word' id='word_1_84' title='bbox 1119 608 1204 649; x_wconf 85' lang='lat' dir='ltr'>legit,</span> <span class='ocrx_word' id='word_1_85' title='bbox 1228 613 1261 639; x_wconf 83' lang='lat' dir='ltr'>et</span> 
     </span>
     <span class='ocr_line' id='line_1_11' title="bbox 104 660 1259 706; baseline -0.002 -10"><span class='ocrx_word' id='word_1_86' title='bbox 104 675 121 696; x_wconf 84' lang='lat' dir='ltr'>e</span> <span class='ocrx_word' id='word_1_87' title='bbox 145 665 372 696; x_wconf 80' lang='lat' dir='ltr'>commentario</span> <span class='ocrx_word' id='word_1_88' title='bbox 397 666 540 706; x_wconf 74' lang='lat' dir='ltr'>Aspasii,</span> <span class='ocrx_word' id='word_1_89' title='bbox 571 665 623 706; x_wconf 89' lang='lat' dir='ltr'>qui</span> <span class='ocrx_word' id='word_1_90' title='bbox 647 664 814 695; x_wconf 80' lang='lat' dir='ltr'>lectionem</span> <span class='ocrx_word' id='word_1_91' title='bbox 840 660 1035 705; x_wconf 58' lang='grc' dir='ltr'>ἁμαρτάνει-σι</span> <span class='ocrx_word' id='word_1_92' title='bbox 1059 664 1107 705; x_wconf 63' lang='grc' dir='ltr'>τῆς</span> <span class='ocrx_word' id='word_1_93' title='bbox 1131 661 1259 705; x_wconf 63' lang='grc' dir='ltr'>πράξεως</span> 
     </span>
     <span class='ocr_line' id='line_1_12' title="bbox 104 716 1258 762; baseline 0.001 -11"><span class='ocrx_word' id='word_1_94' title='bbox 104 721 203 752; x_wconf 80' lang='lat' dir='ltr'>solam</span> <span class='ocrx_word' id='word_1_95' title='bbox 221 721 279 752; x_wconf 90' lang='lat' dir='ltr'>sibi</span> <span class='ocrx_word' id='word_1_96' title='bbox 296 727 404 752; x_wconf 86' lang='lat' dir='ltr'>notam</span> <span class='ocrx_word' id='word_1_97' title='bbox 422 722 572 762; x_wconf 78' lang='lat' dir='ltr'>explicat:</span> <span class='ocrx_word' id='word_1_98' title='bbox 599 717 630 751; x_wconf 73' lang='grc' dir='ltr'>οὐ</span> <span class='ocrx_word' id='word_1_99' title='bbox 653 719 746 757; x_wconf 66' lang='grc' dir='ltr'><strong>καλῶς</strong></span> <span class='ocrx_word' id='word_1_100' title='bbox 771 716 803 751; x_wconf 65' lang='lat' dir='ltr'>r&amp;</span> <span class='ocrx_word' id='word_1_101' title='bbox 829 719 1070 760; x_wconf 64' lang='grc' dir='ltr'>προςταχθέν</span> <span class='ocrx_word' id='word_1_102' title='bbox 1095 720 1258 761; x_wconf 66' lang='grc' dir='ltr'>ἐνεργοῦσιν.</span> 
     </span>
     <span class='ocr_line' id='line_1_13' title="bbox 103 777 1261 818; baseline -0.001 -10"><span class='ocrx_word' id='word_1_103' title='bbox 103 778 176 809; x_wconf 91' lang='lat' dir='ltr'>Non</span> <span class='ocrx_word' id='word_1_104' title='bbox 209 783 314 808; x_wconf 86' lang='lat' dir='ltr'>tamen</span> <span class='ocrx_word' id='word_1_105' title='bbox 346 789 362 808; x_wconf 90' lang='lat' dir='ltr'>a</span> <span class='ocrx_word' id='word_1_106' title='bbox 392 778 542 808; x_wconf 83' lang='lat' dir='ltr'>mandato</span> <span class='ocrx_word' id='word_1_107' title='bbox 572 777 734 815; x_wconf 80' lang='lat' dir='ltr'>aberrant,</span> <span class='ocrx_word' id='word_1_108' title='bbox 770 777 858 818; x_wconf 83' lang='lat' dir='ltr'>quasi</span> <span class='ocrx_word' id='word_1_109' title='bbox 883 777 975 818; x_wconf 86' lang='lat' dir='ltr'>jussa</span> <span class='ocrx_word' id='word_1_110' title='bbox 1002 782 1087 808; x_wconf 86' lang='lat' dir='ltr'>recte</span> <span class='ocrx_word' id='word_1_111' title='bbox 1111 782 1261 818; x_wconf 85' lang='lat' dir='ltr'>percepta</span> 
     </span>
     <span class='ocr_line' id='line_1_14' title="bbox 104 833 1259 876; baseline 0.001 -12"><span class='ocrx_word' id='word_1_112' title='bbox 104 833 184 865; x_wconf 88' lang='lat' dir='ltr'>male</span> <span class='ocrx_word' id='word_1_113' title='bbox 209 840 428 876; x_wconf 86' lang='lat' dir='ltr'>exsequantur,</span> <span class='ocrx_word' id='word_1_114' title='bbox 454 834 508 865; x_wconf 89' lang='lat' dir='ltr'>sed</span> <span class='ocrx_word' id='word_1_115' title='bbox 533 845 550 864; x_wconf 88' lang='lat' dir='ltr'>a</span> <span class='ocrx_word' id='word_1_116' title='bbox 573 845 624 873; x_wconf 87' lang='lat' dir='ltr'>re,</span> <span class='ocrx_word' id='word_1_117' title='bbox 649 845 719 865; x_wconf 88' lang='lat' dir='ltr'>cum</span> <span class='ocrx_word' id='word_1_118' title='bbox 745 833 892 864; x_wconf 81' lang='lat' dir='ltr'>mandata</span> <span class='ocrx_word' id='word_1_119' title='bbox 915 844 977 863; x_wconf 88' lang='lat' dir='ltr'>non</span> <span class='ocrx_word' id='word_1_120' title='bbox 1003 833 1083 864; x_wconf 82' lang='lat' dir='ltr'>bene</span> <span class='ocrx_word' id='word_1_121' title='bbox 1107 844 1259 875; x_wconf 81' lang='lat' dir='ltr'>percepe-</span> 
     </span>
     <span class='ocr_line' id='line_1_15' title="bbox 96 875 1261 931; baseline 0 -11"><span class='ocrx_word' id='word_1_122' title='bbox 96 875 176 921; x_wconf 38' lang='lat' dir='ltr'>„rim-</span> <span class='ocrx_word' id='word_1_123' title='bbox 231 890 283 921; x_wconf 87' lang='lat' dir='ltr'>Sic</span> <span class='ocrx_word' id='word_1_124' title='bbox 319 890 397 920; x_wconf 84' lang='lat' dir='ltr'>infra</span> <span class='ocrx_word' id='word_1_125' title='bbox 433 890 508 921; x_wconf 83' lang='lat' dir='ltr'>dicit</span> <span class='ocrx_word' id='word_1_126' title='bbox 537 886 585 920; x_wconf 68' lang='grc' dir='ltr'>εὖκ</span> <span class='ocrx_word' id='word_1_127' title='bbox 617 889 759 931; x_wconf 68' lang='grc' dir='ltr'>ἐπίταγμα</span> <span class='ocrx_word' id='word_1_128' title='bbox 793 885 933 927; x_wconf 46' lang='grc' dir='ltr'>ἐκεί-τας,</span> <span class='ocrx_word' id='word_1_129' title='bbox 974 900 1036 920; x_wconf 87' lang='lat' dir='ltr'>non</span> <span class='ocrx_word' id='word_1_130' title='bbox 1068 887 1261 931; x_wconf 72' lang='grc' dir='ltr'><em>ἐπιτάγματος</em></span> 
     </span>
     <span class='ocr_line' id='line_1_16' title="bbox 105 941 1258 987; baseline 0.001 -11"><span class='ocrx_word' id='word_1_131' title='bbox 105 941 247 987; x_wconf 66' lang='grc' dir='ltr'>ἁμαρτών.</span> <span class='ocrx_word' id='word_1_132' title='bbox 285 946 435 978; x_wconf 87' lang='lat' dir='ltr'>Ceterum</span> <span class='ocrx_word' id='word_1_133' title='bbox 461 947 631 977; x_wconf 69' lang='lat' dir='ltr'>mandalum</span> <span class='ocrx_word' id='word_1_134' title='bbox 654 957 712 977; x_wconf 80' lang='lat' dir='ltr'>non</span> <span class='ocrx_word' id='word_1_135' title='bbox 736 948 879 987; x_wconf 73' lang='lat' dir='ltr'>attinyere</span> <span class='ocrx_word' id='word_1_136' title='bbox 904 942 1048 987; x_wconf 71' lang='grc' dir='ltr'>(ἁμαρτεῖν</span> <span class='ocrx_word' id='word_1_137' title='bbox 1072 943 1258 986; x_wconf 70' lang='grc' dir='ltr'>πρεςτάξεως)</span> 
     </span>
     <span class='ocr_line' id='line_1_17' title="bbox 107 999 1259 1045; baseline 0.001 -12"><span class='ocrx_word' id='word_1_138' title='bbox 107 1007 193 1033; x_wconf 88' lang='lat' dir='ltr'>esset</span> <span class='ocrx_word' id='word_1_139' title='bbox 205 1002 288 1033; x_wconf 84' lang='lat' dir='ltr'>idem</span> <span class='ocrx_word' id='word_1_140' title='bbox 304 1014 339 1034; x_wconf 85' lang='lat' dir='ltr'>ac</span> <span class='ocrx_word' id='word_1_141' title='bbox 354 1000 416 1042; x_wconf 76' lang='grc' dir='ltr'>πρὶν</span> <span class='ocrx_word' id='word_1_142' title='bbox 434 999 566 1033; x_wconf 61' lang='grc' dir='ltr'>οἰκοῦσαι.</span> <span class='ocrx_word' id='word_1_143' title='bbox 592 1002 738 1044; x_wconf 89' lang='lat' dir='ltr'>Denique</span> <span class='ocrx_word' id='word_1_144' title='bbox 755 1002 933 1034; x_wconf 85' lang='lat' dir='ltr'>Krischium</span> <span class='ocrx_word' id='word_1_145' title='bbox 947 1002 1009 1045; x_wconf 85' lang='grc'><strong>(1.1.</strong></span> <span class='ocrx_word' id='word_1_146' title='bbox 1023 1013 1054 1043; x_wconf 91' lang='lat' dir='ltr'>p.</span> <span class='ocrx_word' id='word_1_147' title='bbox 1070 1001 1259 1042; x_wconf 80' lang='lat'>390—391)</span> 
     </span>
     <span class='ocr_line' id='line_1_18' title="bbox 105 1058 1260 1101; baseline 0.001 -12"><span class='ocrx_word' id='word_1_148' title='bbox 105 1058 210 1098; x_wconf 88' lang='lat' dir='ltr'>miror,</span> <span class='ocrx_word' id='word_1_149' title='bbox 235 1061 287 1101; x_wconf 94' lang='lat' dir='ltr'>qui</span> <span class='ocrx_word' id='word_1_150' title='bbox 310 1059 480 1090; x_wconf 85' lang='lat' dir='ltr'>lectionem</span> <span class='ocrx_word' id='word_1_151' title='bbox 504 1070 606 1090; x_wconf 89' lang='lat' dir='ltr'>meam</span> <span class='ocrx_word' id='word_1_152' title='bbox 630 1058 822 1101; x_wconf 80' lang='lat' dir='ltr'>vituperans,</span> <span class='ocrx_word' id='word_1_153' title='bbox 847 1064 911 1089; x_wconf 84' lang='lat' dir='ltr'>tam</span> <span class='ocrx_word' id='word_1_154' title='bbox 934 1059 1070 1090; x_wconf 86' lang='lat' dir='ltr'>fidenter</span> <span class='ocrx_word' id='word_1_155' title='bbox 1086 1058 1260 1097; x_wconf 86' lang='lat' dir='ltr'><strong>contendit,</strong></span> 
     </span>
     <span class='ocr_line' id='line_1_19' title="bbox 106 1111 1260 1157; baseline 0 -11"><span class='ocrx_word' id='word_1_156' title='bbox 106 1126 156 1146; x_wconf 85' lang='lat' dir='ltr'>me</span> <span class='ocrx_word' id='word_1_157' title='bbox 191 1111 269 1156; x_wconf 77' lang='grc' dir='ltr'><em>ῥητά</em></span> <span class='ocrx_word' id='word_1_158' title='bbox 300 1112 449 1156; x_wconf 67' lang='grc' dir='ltr'>(πράξεως</span> <span class='ocrx_word' id='word_1_159' title='bbox 476 1115 629 1157; x_wconf 82' lang='lat' dir='ltr'>legentia)</span> <span class='ocrx_word' id='word_1_160' title='bbox 663 1127 732 1147; x_wconf 92' lang='lat' dir='ltr'>cum</span> <span class='ocrx_word' id='word_1_161' title='bbox 768 1115 994 1147; x_wconf 87' lang='lat' dir='ltr'>commentario</span> <span class='ocrx_word' id='word_1_162' title='bbox 1026 1115 1152 1156; x_wconf 84' lang='lat' dir='ltr'>Aspasii</span> <span class='ocrx_word' id='word_1_163' title='bbox 1183 1126 1260 1146; x_wconf 89' lang='lat' dir='ltr'>con-</span> 
     </span>
     <span class='ocr_line' id='line_1_20' title="bbox 103 1171 1258 1213; baseline 0 -11"><span class='ocrx_word' id='word_1_164' title='bbox 103 1171 244 1210; x_wconf 87' lang='lat' dir='ltr'>fudisse,</span> <span class='ocrx_word' id='word_1_165' title='bbox 284 1171 337 1213; x_wconf 91' lang='lat' dir='ltr'>qui</span> <span class='ocrx_word' id='word_1_166' title='bbox 371 1172 452 1203; x_wconf 85' lang='lat' dir='ltr'>hanc</span> <span class='ocrx_word' id='word_1_167' title='bbox 487 1172 656 1203; x_wconf 87' lang='lat' dir='ltr'>lectionem</span> <span class='ocrx_word' id='word_1_168' title='bbox 690 1183 753 1203; x_wconf 92' lang='lat' dir='ltr'>non</span> <span class='ocrx_word' id='word_1_169' title='bbox 779 1176 967 1213; x_wconf 82' lang='lat' dir='ltr'>cognoscat3</span> <span class='ocrx_word' id='word_1_170' title='bbox 1003 1171 1087 1202; x_wconf 89' lang='lat' dir='ltr'>unde</span> <span class='ocrx_word' id='word_1_171' title='bbox 1116 1176 1258 1212; x_wconf 85' lang='lat' dir='ltr'>apparet,</span> 
     </span>
     <span class='ocr_line' id='line_1_21' title="bbox 104 1227 1259 1269; baseline 0 -11"><span class='ocrx_word' id='word_1_172' title='bbox 104 1227 207 1269; x_wconf 85' lang='lat' dir='ltr'>ipsum</span> <span class='ocrx_word' id='word_1_173' title='bbox 245 1227 349 1268; x_wconf 88' lang='lat' dir='ltr'>graeci</span> <span class='ocrx_word' id='word_1_174' title='bbox 383 1227 564 1268; x_wconf 83' lang='lat' dir='ltr'>interpretis</span> <span class='ocrx_word' id='word_1_175' title='bbox 603 1227 764 1258; x_wconf 75' lang='lat' dir='ltr'>volumina</span> <span class='ocrx_word' id='word_1_176' title='bbox 793 1238 857 1258; x_wconf 94' lang='lat' dir='ltr'>non</span> <span class='ocrx_word' id='word_1_177' title='bbox 893 1227 1059 1258; x_wconf 83' lang='lat' dir='ltr'>evolvisse.</span> <span class='ocrx_word' id='word_1_178' title='bbox 1090 1247 1134 1252; x_wconf 86' lang='lat'>—-</span> <span class='ocrx_word' id='word_1_179' title='bbox 1163 1231 1259 1267; x_wconf 83' lang='grc' dir='ltr'>χαλε-</span> 
     </span>
     <span class='ocr_line' id='line_1_22' title="bbox 106 1279 1261 1325; baseline 0 -11"><span class='ocrx_word' id='word_1_180' title='bbox 106 1282 195 1315; x_wconf 66' lang='grc' dir='ltr'>παῖνει</span> <span class='ocrx_word' id='word_1_181' title='bbox 218 1279 312 1323; x_wconf 60' lang='grc' dir='ltr'>εὖθύς)</span> <span class='ocrx_word' id='word_1_182' title='bbox 338 1281 374 1325; x_wconf 72' lang='grc' dir='ltr'>δή</span> <span class='ocrx_word' id='word_1_183' title='bbox 397 1289 470 1315; x_wconf 85' lang='lat' dir='ltr'>ante</span> <span class='ocrx_word' id='word_1_184' title='bbox 493 1280 575 1321; x_wconf 53' lang='grc' dir='ltr'>εὐθύ,-</span> <span class='ocrx_word' id='word_1_185' title='bbox 599 1284 687 1315; x_wconf 82' lang='lat' dir='ltr'>addit</span> <span class='ocrx_word' id='word_1_186' title='bbox 704 1283 866 1315; x_wconf 86' lang='lat' dir='ltr'>Bekkerus</span> <span class='ocrx_word' id='word_1_187' title='bbox 882 1295 898 1314; x_wconf 81' lang='lat' dir='ltr'>e</span> <span class='ocrx_word' id='word_1_188' title='bbox 915 1283 983 1315; x_wconf 85' lang='lat' dir='ltr'>solo</span> <span class='ocrx_word' id='word_1_189' title='bbox 999 1282 1056 1314; x_wconf 71' lang='lat' dir='ltr'>Kb.</span> <span class='ocrx_word' id='word_1_190' title='bbox 1080 1302 1125 1306; x_wconf 89' lang='lat'><strong>—</strong></span> <span class='ocrx_word' id='word_1_191' title='bbox 1149 1279 1261 1324; x_wconf 68' lang='grc' dir='ltr'>ὃλόγσς</span> 
     </span>
     <span class='ocr_line' id='line_1_23' title="bbox 106 1334 1261 1382; baseline 0.002 -12"><span class='ocrx_word' id='word_1_192' title='bbox 106 1334 125 1381; x_wconf 74' lang='grc' dir='ltr'>ἢ</span> <span class='ocrx_word' id='word_1_193' title='bbox 148 1335 163 1380; x_wconf 78' lang='grc' dir='ltr'>ἡ</span> <span class='ocrx_word' id='word_1_194' title='bbox 188 1337 343 1380; x_wconf 42' lang='lat' dir='ltr'>uixit-qva)</span> <span class='ocrx_word' id='word_1_195' title='bbox 370 1335 383 1370; x_wconf 76' lang='grc' dir='ltr'><em>ὁ</em></span> <span class='ocrx_word' id='word_1_196' title='bbox 406 1336 488 1380; x_wconf 62' lang='grc' dir='ltr'>λέγσς</span> <span class='ocrx_word' id='word_1_197' title='bbox 513 1351 576 1370; x_wconf 93' lang='lat' dir='ltr'>non</span> <span class='ocrx_word' id='word_1_198' title='bbox 602 1345 651 1371; x_wconf 84' lang='lat' dir='ltr'>est</span> <span class='ocrx_word' id='word_1_199' title='bbox 675 1336 761 1380; x_wconf 61' lang='grc' dir='ltr'>ἑρθός</span> <span class='ocrx_word' id='word_1_200' title='bbox 784 1337 880 1380; x_wconf 63' lang='grc' dir='ltr'>λόγος,</span> <span class='ocrx_word' id='word_1_201' title='bbox 913 1341 968 1371; x_wconf 91' lang='lat' dir='ltr'>sed</span> <span class='ocrx_word' id='word_1_202' title='bbox 992 1351 1141 1382; x_wconf 86' lang='lat' dir='ltr'>perversa</span> <span class='ocrx_word' id='word_1_203' title='bbox 1164 1340 1261 1372; x_wconf 90' lang='lat' dir='ltr'>ratio-</span> 
     </span>
     <span class='ocr_line' id='line_1_24' title="bbox 96 1395 1261 1437; baseline 0.001 -11"><span class='ocrx_word' id='word_1_204' title='bbox 96 1395 239 1437; x_wconf 58' lang='lat' dir='ltr'>pinatio,</span> <span class='ocrx_word' id='word_1_205' title='bbox 264 1396 439 1427; x_wconf 79' lang='lat' dir='ltr'>secundum</span> <span class='ocrx_word' id='word_1_206' title='bbox 463 1396 713 1437; x_wconf 79' lang='lat' dir='ltr'>paraphrasten,</span> <span class='ocrx_word' id='word_1_207' title='bbox 739 1397 907 1437; x_wconf 89' lang='lat' dir='ltr'>Aspasium</span> <span class='ocrx_word' id='word_1_208' title='bbox 933 1401 966 1427; x_wconf 86' lang='lat' dir='ltr'>et</span> <span class='ocrx_word' id='word_1_209' title='bbox 990 1397 1052 1428; x_wconf 80' lang='lat' dir='ltr'>fere</span> <span class='ocrx_word' id='word_1_210' title='bbox 1078 1408 1187 1428; x_wconf 84' lang='lat' dir='ltr'>omnes</span> <span class='ocrx_word' id='word_1_211' title='bbox 1211 1407 1261 1428; x_wconf 85' lang='lat' dir='ltr'>re-</span> 
     </span>
     <span class='ocr_line' id='line_1_25' title="bbox 105 1448 1263 1494; baseline 0.001 -11"><span class='ocrx_word' id='word_1_212' title='bbox 105 1452 207 1494; x_wconf 88' lang='lat' dir='ltr'>liquos</span> <span class='ocrx_word' id='word_1_213' title='bbox 216 1461 224 1491; x_wconf 77' lang='lat'><em>3</em></span> <span class='ocrx_word' id='word_1_214' title='bbox 261 1452 310 1483; x_wconf 81' lang='lat' dir='ltr'>vel</span> <span class='ocrx_word' id='word_1_215' title='bbox 340 1452 444 1494; x_wconf 89' lang='lat' dir='ltr'>potius</span> <span class='ocrx_word' id='word_1_216' title='bbox 466 1455 632 1494; x_wconf 79' lang='lat' dir='ltr'>perceptio,</span> <span class='ocrx_word' id='word_1_217' title='bbox 663 1454 814 1494; x_wconf 77' lang='lat' dir='ltr'>coyitatio,</span> <span class='ocrx_word' id='word_1_218' title='bbox 846 1458 877 1483; x_wconf 87' lang='lat' dir='ltr'>et</span> <span class='ocrx_word' id='word_1_219' title='bbox 902 1448 919 1493; x_wconf 71' lang='grc' dir='ltr'>ἢ</span> <span class='ocrx_word' id='word_1_220' title='bbox 942 1449 958 1494; x_wconf 83' lang='grc' dir='ltr'>ἡ</span> <span class='ocrx_word' id='word_1_221' title='bbox 983 1451 1122 1494; x_wconf 56' lang='grc' dir='ltr'>αἴσθησις</span> <span class='ocrx_word' id='word_1_222' title='bbox 1145 1452 1263 1490; x_wconf 78' lang='lat' dir='ltr'>indicat</span> 
     </span>
     <span class='ocr_line' id='line_1_26' title="bbox 106 1504 1262 1551; baseline 0.001 -12"><span class='ocrx_word' id='word_1_223' title='bbox 106 1509 236 1540; x_wconf 91' lang='lat' dir='ltr'>modum</span> <span class='ocrx_word' id='word_1_224' title='bbox 274 1509 503 1550; x_wconf 80' lang='lat' dir='ltr'>perceptionis,</span> <span class='ocrx_word' id='word_1_225' title='bbox 543 1514 578 1539; x_wconf 89' lang='lat' dir='ltr'>ut</span> <span class='ocrx_word' id='word_1_226' title='bbox 613 1519 707 1550; x_wconf 86' lang='lat' dir='ltr'>supra</span> <span class='ocrx_word' id='word_1_227' title='bbox 738 1504 756 1549; x_wconf 69' lang='grc' dir='ltr'>ἢ</span> <span class='ocrx_word' id='word_1_228' title='bbox 788 1505 803 1550; x_wconf 72' lang='grc' dir='ltr'><em>ἦ</em></span> <span class='ocrx_word' id='word_1_229' title='bbox 836 1508 992 1547; x_wconf 67' lang='grc' dir='ltr'>φαντασία.</span> <span class='ocrx_word' id='word_1_230' title='bbox 1046 1509 1154 1551; x_wconf 83' lang='lat' dir='ltr'>Itaque</span> <span class='ocrx_word' id='word_1_231' title='bbox 1184 1509 1262 1540; x_wconf 86' lang='lat' dir='ltr'>falso</span> 
     </span>
     <span class='ocr_line' id='line_1_27' title="bbox 107 1556 1261 1607; baseline 0.002 -11"><span class='ocrx_word' id='word_1_232' title='bbox 107 1556 255 1606; x_wconf 77' lang='lat' dir='ltr'>suspecta</span> <span class='ocrx_word' id='word_1_233' title='bbox 278 1570 328 1596; x_wconf 87' lang='lat' dir='ltr'>est</span> <span class='ocrx_word' id='word_1_234' title='bbox 350 1565 428 1596; x_wconf 84' lang='lat' dir='ltr'>haec</span> <span class='ocrx_word' id='word_1_235' title='bbox 453 1576 514 1596; x_wconf 84' lang='lat' dir='ltr'>vox</span> <span class='ocrx_word' id='word_1_236' title='bbox 539 1565 656 1596; x_wconf 80' lang='lat' dir='ltr'>Garvio</span> <span class='ocrx_word' id='word_1_237' title='bbox 681 1566 810 1607; x_wconf 84' lang='lat' dir='ltr'>ejusque</span> <span class='ocrx_word' id='word_1_238' title='bbox 834 1565 1008 1596; x_wconf 88' lang='lat' dir='ltr'>editoribus</span> <span class='ocrx_word' id='word_1_239' title='bbox 1031 1568 1076 1607; x_wconf 88' lang='lat' dir='ltr'>(p.</span> <span class='ocrx_word' id='word_1_240' title='bbox 1102 1564 1261 1604; x_wconf 84' lang='lat'><strong>369-370,</strong></span> 
     </span>
     <span class='ocr_line' id='line_1_28' title="bbox 107 1621 1260 1664; baseline 0 -12"><span class='ocrx_word' id='word_1_241' title='bbox 107 1624 188 1660; x_wconf 89' lang='lat' dir='ltr'>not).</span> <span class='ocrx_word' id='word_1_242' title='bbox 219 1622 288 1653; x_wconf 87' lang='lat' dir='ltr'>Nec</span> <span class='ocrx_word' id='word_1_243' title='bbox 303 1627 446 1663; x_wconf 84' lang='lat' dir='ltr'>pugnant</span> <span class='ocrx_word' id='word_1_244' title='bbox 466 1625 515 1660; x_wconf 90' lang='lat' dir='ltr'>(ut</span> <span class='ocrx_word' id='word_1_245' title='bbox 535 1621 566 1652; x_wconf 89' lang='lat' dir='ltr'>hi</span> <span class='ocrx_word' id='word_1_246' title='bbox 583 1621 708 1664; x_wconf 89' lang='lat' dir='ltr'>quidem</span> <span class='ocrx_word' id='word_1_247' title='bbox 728 1621 939 1661; x_wconf 85' lang='lat' dir='ltr'>contendunt)</span> <span class='ocrx_word' id='word_1_248' title='bbox 959 1621 1133 1663; x_wconf 81' lang='lat' dir='ltr'>sequentia,</span> <span class='ocrx_word' id='word_1_249' title='bbox 1148 1621 1260 1664; x_wconf 88' lang='lat' dir='ltr'>quibus</span> 
     </span>
     <span class='ocr_line' id='line_1_29' title="bbox 107 1677 1263 1719; baseline -0.001 -9"><span class='ocrx_word' id='word_1_250' title='bbox 107 1678 184 1710; x_wconf 88' lang='lat' dir='ltr'>dicit</span> <span class='ocrx_word' id='word_1_251' title='bbox 200 1677 426 1718; x_wconf 84' lang='lat' dir='ltr'>PhilosophuS,</span> <span class='ocrx_word' id='word_1_252' title='bbox 452 1677 634 1718; x_wconf 83' lang='lat' dir='ltr'>simpliciter</span> <span class='ocrx_word' id='word_1_253' title='bbox 652 1677 901 1709; x_wconf 82' lang='lat' dir='ltr'>incontinentem</span> <span class='ocrx_word' id='word_1_254' title='bbox 921 1689 938 1710; x_wconf 88' lang='lat' dir='ltr'>a</span> <span class='ocrx_word' id='word_1_255' title='bbox 957 1678 1141 1719; x_wconf 85' lang='lat' dir='ltr'>cupiditate,</span> <span class='ocrx_word' id='word_1_256' title='bbox 1165 1689 1229 1709; x_wconf 89' lang='lat' dir='ltr'>non</span> <span class='ocrx_word' id='word_1_257' title='bbox 1245 1690 1263 1709; x_wconf 88' lang='lat' dir='ltr'>a</span> 
     </span>
     <span class='ocr_line' id='line_1_30' title="bbox 107 1730 1262 1774; baseline -0.002 -8"><span class='ocrx_word' id='word_1_258' title='bbox 107 1734 228 1766; x_wconf 86' lang='lat' dir='ltr'>ratione</span> <span class='ocrx_word' id='word_1_259' title='bbox 252 1731 300 1773; x_wconf 74' lang='grc' dir='ltr'>(οὐ</span> <span class='ocrx_word' id='word_1_260' title='bbox 325 1734 375 1764; x_wconf 76' lang='grc' dir='ltr'>τοῦ</span> <span class='ocrx_word' id='word_1_261' title='bbox 398 1730 498 1774; x_wconf 69' lang='grc' dir='ltr'>λέγω)</span> <span class='ocrx_word' id='word_1_262' title='bbox 524 1733 673 1774; x_wconf 83' lang='lat' dir='ltr'>superari.</span> <span class='ocrx_word' id='word_1_263' title='bbox 710 1733 808 1765; x_wconf 79' lang='lat' dir='ltr'>iratus</span> <span class='ocrx_word' id='word_1_264' title='bbox 834 1734 917 1765; x_wconf 91' lang='lat' dir='ltr'>enim</span> <span class='ocrx_word' id='word_1_265' title='bbox 941 1746 958 1765; x_wconf 83' lang='lat' dir='ltr'>a</span> <span class='ocrx_word' id='word_1_266' title='bbox 982 1734 1103 1765; x_wconf 86' lang='lat' dir='ltr'>ratione</span> <span class='ocrx_word' id='word_1_267' title='bbox 1127 1734 1262 1766; x_wconf 91' lang='lat' dir='ltr'>vincitur</span> 
     </span>
     <span class='ocr_line' id='line_1_31' title="bbox 107 1782 1298 1832; baseline -0.002 -9"><span class='ocrx_word' id='word_1_268' title='bbox 107 1787 208 1832; x_wconf 72' lang='grc' dir='ltr'>(λόγου</span> <span class='ocrx_word' id='word_1_269' title='bbox 228 1787 383 1832; x_wconf 70' lang='grc' dir='ltr'>ἧττᾶται),</span> <span class='ocrx_word' id='word_1_270' title='bbox 408 1790 480 1831; x_wconf 87' lang='lat' dir='ltr'>quia</span> <span class='ocrx_word' id='word_1_271' title='bbox 503 1789 741 1821; x_wconf 84' lang='lat' dir='ltr'>ratiocinatione</span> <span class='ocrx_word' id='word_1_272' title='bbox 765 1790 918 1821; x_wconf 86' lang='lat' dir='ltr'>conclusit</span> <span class='ocrx_word' id='word_1_273' title='bbox 950 1785 1052 1830; x_wconf 69' lang='grc' dir='ltr'>(ὥςπερ</span> <span class='ocrx_word' id='word_1_274' title='bbox 1083 1787 1262 1831; x_wconf 69' lang='grc' dir='ltr'>συλλεγισοῖ-</span> <span class='ocrx_word' id='word_1_275' title='bbox 1295 1782 1298 1784; x_wconf 73' lang='lat'>,</span> 
     </span>
     <span class='ocr_line' id='line_1_32' title="bbox 106 1846 1263 1890; baseline -0.001 -12"><span class='ocrx_word' id='word_1_276' title='bbox 106 1850 213 1890; x_wconf 77' lang='grc' dir='ltr'>μενος),</span> <span class='ocrx_word' id='word_1_277' title='bbox 245 1846 399 1889; x_wconf 81' lang='lat' dir='ltr'>cupiditas</span> <span class='ocrx_word' id='word_1_278' title='bbox 424 1851 529 1877; x_wconf 87' lang='lat' dir='ltr'>autem</span> <span class='ocrx_word' id='word_1_279' title='bbox 555 1846 661 1877; x_wconf 88' lang='lat' dir='ltr'>statim</span> <span class='ocrx_word' id='word_1_280' title='bbox 687 1846 754 1877; x_wconf 88' lang='lat' dir='ltr'>sine</span> <span class='ocrx_word' id='word_1_281' title='bbox 777 1846 839 1877; x_wconf 83' lang='lat' dir='ltr'>ulla</span> <span class='ocrx_word' id='word_1_282' title='bbox 861 1846 1099 1878; x_wconf 84' lang='lat' dir='ltr'>ratiocinatione</span> <span class='ocrx_word' id='word_1_283' title='bbox 1123 1847 1203 1888; x_wconf 88' lang='lat' dir='ltr'>agit,</span> <span class='ocrx_word' id='word_1_284' title='bbox 1236 1847 1263 1878; x_wconf 90' lang='lat' dir='ltr'>si</span> 
     </span>
     <span class='ocr_line' id='line_1_33' title="bbox 107 1902 1262 1944; baseline -0.002 -9"><span class='ocrx_word' id='word_1_285' title='bbox 107 1904 203 1935; x_wconf 89' lang='lat' dir='ltr'>modo</span> <span class='ocrx_word' id='word_1_286' title='bbox 227 1903 339 1934; x_wconf 84' lang='lat' dir='ltr'>dixerit</span> <span class='ocrx_word' id='word_1_287' title='bbox 362 1902 440 1933; x_wconf 82' lang='lat' dir='ltr'>ratio</span> <span class='ocrx_word' id='word_1_288' title='bbox 471 1902 648 1943; x_wconf 89' lang='lat' dir='ltr'>percipiens</span> <span class='ocrx_word' id='word_1_289' title='bbox 679 1903 728 1933; x_wconf 81' lang='lat' dir='ltr'>vel</span> <span class='ocrx_word' id='word_1_290' title='bbox 759 1913 881 1940; x_wconf 88' lang='lat' dir='ltr'>sensus,</span> <span class='ocrx_word' id='word_1_291' title='bbox 913 1903 973 1934; x_wconf 90' lang='lat' dir='ltr'>hoc</span> <span class='ocrx_word' id='word_1_292' title='bbox 997 1913 1066 1934; x_wconf 87' lang='lat' dir='ltr'>esse</span> <span class='ocrx_word' id='word_1_293' title='bbox 1086 1902 1262 1944; x_wconf 88' lang='lat' dir='ltr'>jucundum</span> 
     </span>
     <span class='ocr_line' id='line_1_34' title="bbox 109 1955 1271 2003; baseline -0.002 -12"><span class='ocrx_word' id='word_1_294' title='bbox 109 1957 172 1998; x_wconf 71' lang='grc' dir='ltr'>(ἔιῖν</span> <span class='ocrx_word' id='word_1_295' title='bbox 195 1956 275 2002; x_wconf 67' lang='grc' dir='ltr'>μόνον</span> <span class='ocrx_word' id='word_1_296' title='bbox 298 1957 386 2003; x_wconf 64' lang='grc' dir='ltr'>εἴπῃ).</span> <span class='ocrx_word' id='word_1_297' title='bbox 410 1962 475 1996; x_wconf 77' lang='grc' dir='ltr'>Πως</span> <span class='ocrx_word' id='word_1_298' title='bbox 499 1963 604 1990; x_wconf 84' lang='lat' dir='ltr'>autem</span> <span class='ocrx_word' id='word_1_299' title='bbox 628 1958 753 1990; x_wconf 85' lang='lat' dir='ltr'>additur</span> <span class='ocrx_word' id='word_1_300' title='bbox 774 1958 824 1999; x_wconf 72' lang='grc' dir='ltr'>τῷ·</span> <span class='ocrx_word' id='word_1_301' title='bbox 856 1955 979 1999; x_wconf 63' lang='grc' dir='ltr'>ἡττᾶται</span> <span class='ocrx_word' id='word_1_302' title='bbox 1003 1958 1055 1989; x_wconf 67' lang='grc' dir='ltr'>τοῦ</span> <span class='ocrx_word' id='word_1_303' title='bbox 1076 1955 1172 1999; x_wconf 69' lang='grc' dir='ltr'>λόγου,</span> <span class='ocrx_word' id='word_1_304' title='bbox 1189 1955 1271 2000; x_wconf 47' lang='grc' dir='ltr'><strong>φύει·</strong></span> 
     </span>
     <span class='ocr_line' id='line_1_35' title="bbox 106 2014 1261 2057; baseline -0.001 -10"><span class='ocrx_word' id='word_1_305' title='bbox 106 2027 166 2048; x_wconf 85' lang='lat' dir='ltr'>nec</span> <span class='ocrx_word' id='word_1_306' title='bbox 188 2015 258 2057; x_wconf 91' lang='lat' dir='ltr'>ipsa</span> <span class='ocrx_word' id='word_1_307' title='bbox 280 2026 352 2046; x_wconf 80' lang='lat' dir='ltr'>vera</span> <span class='ocrx_word' id='word_1_308' title='bbox 377 2020 426 2046; x_wconf 89' lang='lat' dir='ltr'>est</span> <span class='ocrx_word' id='word_1_309' title='bbox 449 2014 656 2053; x_wconf 84' lang='lat' dir='ltr'>ratiocinatio,</span> <span class='ocrx_word' id='word_1_310' title='bbox 680 2015 852 2046; x_wconf 87' lang='lat' dir='ltr'>secundum</span> <span class='ocrx_word' id='word_1_311' title='bbox 873 2026 965 2056; x_wconf 87' lang='lat' dir='ltr'>quam</span> <span class='ocrx_word' id='word_1_312' title='bbox 981 2015 1044 2046; x_wconf 88' lang='lat' dir='ltr'>irae</span> <span class='ocrx_word' id='word_1_313' title='bbox 1061 2014 1261 2046; x_wconf 88' lang='lat' dir='ltr'>incontinens</span> 
     </span>
     <span class='ocr_line' id='line_1_36' title="bbox 107 2067 1261 2113; baseline 0 -11"><span class='ocrx_word' id='word_1_314' title='bbox 107 2071 180 2113; x_wconf 87' lang='lat' dir='ltr'>agit,</span> <span class='ocrx_word' id='word_1_315' title='bbox 204 2071 260 2103; x_wconf 90' lang='lat' dir='ltr'>sed</span> <span class='ocrx_word' id='word_1_316' title='bbox 283 2071 436 2112; x_wconf 86' lang='lat' dir='ltr'>quaedam</span> <span class='ocrx_word' id='word_1_317' title='bbox 460 2076 577 2103; x_wconf 87' lang='lat' dir='ltr'>tamen.</span> <span class='ocrx_word' id='word_1_318' title='bbox 616 2070 681 2103; x_wconf 83' lang='grc' dir='ltr'>Καί</span> <span class='ocrx_word' id='word_1_319' title='bbox 700 2076 773 2103; x_wconf 89' lang='lat' dir='ltr'>ante</span> <span class='ocrx_word' id='word_1_320' title='bbox 797 2067 828 2102; x_wconf 74' lang='grc' dir='ltr'>οὗ</span> <span class='ocrx_word' id='word_1_321' title='bbox 851 2071 902 2102; x_wconf 74' lang='grc' dir='ltr'>τοῦ</span> <span class='ocrx_word' id='word_1_322' title='bbox 924 2068 1011 2111; x_wconf 72' lang='grc' dir='ltr'>λόγου</span> <span class='ocrx_word' id='word_1_323' title='bbox 1035 2081 1098 2102; x_wconf 91' lang='lat' dir='ltr'>om.</span> <span class='ocrx_word' id='word_1_324' title='bbox 1123 2071 1174 2109; x_wconf 87' lang='lat' dir='ltr'>El,</span> <span class='ocrx_word' id='word_1_325' title='bbox 1190 2071 1261 2109; x_wconf 82' lang='lat' dir='ltr'>Par,</span> 
     </span>
     <span class='ocr_line' id='line_1_37' title="bbox 106 2125 436 2169; baseline -0.003 -10"><span class='ocrx_word' id='word_1_326' title='bbox 106 2125 161 2166; x_wconf 69' lang='lat' dir='ltr'>Lb,</span> <span class='ocrx_word' id='word_1_327' title='bbox 185 2126 248 2166; x_wconf 69' lang='lat' dir='ltr'>Mb,</span> <span class='ocrx_word' id='word_1_328' title='bbox 272 2127 436 2169; x_wconf 85' lang='lat' dir='ltr'>Aspasius.</span> 
     </span>
     <span class='ocr_line' id='line_1_38' title="bbox 174 2180 1261 2228; baseline -0.001 -13"><span class='ocrx_word' id='word_1_329' title='bbox 174 2184 202 2228; x_wconf 58' lang='grc' dir='ltr'>ᾗ.</span> <span class='ocrx_word' id='word_1_330' title='bbox 218 2183 248 2216; x_wconf 80' lang='lat'>2.</span> <span class='ocrx_word' id='word_1_331' title='bbox 273 2180 422 2226; x_wconf 70' lang='grc' dir='ltr'>συγγνώμη</span> <span class='ocrx_word' id='word_1_332' title='bbox 437 2182 557 2226; x_wconf 64' lang='grc' dir='ltr'>μᾶλλον)</span> <span class='ocrx_word' id='word_1_333' title='bbox 582 2182 693 2227; x_wconf 63' lang='grc' dir='ltr'>μᾶλλον</span> <span class='ocrx_word' id='word_1_334' title='bbox 709 2180 858 2226; x_wconf 65' lang='grc' dir='ltr'>συγγνώμη</span> <span class='ocrx_word' id='word_1_335' title='bbox 875 2183 959 2221; x_wconf 89' lang='lat' dir='ltr'>Eud,</span> <span class='ocrx_word' id='word_1_336' title='bbox 984 2183 1054 2222; x_wconf 84' lang='lat' dir='ltr'>Par,</span> <span class='ocrx_word' id='word_1_337' title='bbox 1078 2182 1261 2223; x_wconf 81' lang='lat' dir='ltr'>Bekkerus;</span> 
     </span>
    </p>
   </div>
  </div>
 </body>
</html>
