1439 2342
520 76 594 104 Libri
608 77 640 104 ν.
675 76 741 113 cap.
762 77 788 103 v
805 74 909 114 (vm).
1222 75 1293 112 173

227 186 255 227 ξ.
283 185 333 217 11.
374 183 424 225 ἐφ’
449 182 523 227 mm)
547 185 684 219 Michael
704 186 882 228 Ephesius,
905 185 931 217 εἰ
950 197 1005 226 γαρ
1028 182 1189 227 θελησομεν
1212 184 1292 218 διδο-

138 253 179 272 ναι
204 235 224 272 ὰ
243 238 344 283 ἔχομεν
360 239 408 272 καὶ
431 239 583 283 λαμβάνειν
604 235 624 273 Ξῖ
641 255 680 284 μη
700 240 810 284 ἔχομεν,
833 254 984 283 αχρηστον
1004 253 1085 273 εσται
1102 254 1136 273 το
1159 239 1292 284 νᾶμισμα.

227 296 256 337 ξ.
281 297 332 328 12.
379 297 518 328 Michael
547 297 706 338 Ephesius
737 302 769 328 et
794 297 1021 338 Paraphrastes
1051 302 1137 329 recte
1163 297 1208 330 ita
1238 309 1293 329 ex-

137 352 270 394 plicant:
308 352 342 383 Si
367 352 502 393 agricola
532 353 570 383 ad
601 357 741 384 sutorem
766 353 879 394 duplus
903 358 966 391 est,
995 353 1090 384 etiam
1120 353 1216 385 calcei
1235 354 1293 385 du-

137 407 273 450 plicandi
302 412 394 445 sunt,
422 412 458 438 ut
486 408 634 439 frumenti
664 408 848 449 dignitatem
879 414 1025 450 aequent.
1054 427 1094 431 --
1126 408 1161 447 εῐς
1190 409 1292 450 σχῆμα

138 463 180 504 δέ)
204 463 350 495 Muretus
376 475 393 494 a
411 474 486 494 vero
509 474 574 494 non
599 463 762 501 aberravit,
787 474 859 495 cum
880 464 967 502 dixit,
991 465 1180 496 sententiam
1202 465 1294 507 hujus

138 519 208 558 loci,
234 519 273 550 de
297 531 357 561 qua
381 519 463 550 inter
485 530 596 550 omnes
620 519 803 558 conveniat,
828 530 898 551 esse
922 519 1019 551 hanc:
1050 522 1210 552 Ducendos
1232 531 1296 552 esse

138 577 170 607 in
184 578 322 616 βψω-ατη
345 577 511 616 analoyiae,
535 577 556 606 i.
579 586 604 606 e.
628 576 845 616 comparandos
866 577 945 606 inter
960 586 992 606 se
1007 577 1138 616 artifices
1154 580 1296 607 eteorum

138 642 246 672 opera,
283 635 438 672 antequam
464 634 645 671 permutavit,-
680 631 821 672 quamvis
852 631 977 672 quidam
1007 631 1112 672 legant
1142 633 1188 662 δεῖ
1212 625 1295 672 ἄγειν,

139 687 266 729 quidam
290 684 322 718 οὗ
347 689 393 718 δεῖ
411 680 495 728 ἄγειν.
532 687 597 718 Sed
622 687 668 718 vir
683 687 796 718 doctus
822 698 893 718 cum
916 687 1020 726 addit,
1044 687 1098 725 „in
1116 699 1176 730 qua
1199 688 1294 719 libro-

139 754 209 774 rum
233 748 266 775 et
289 743 472 784 opinionum
497 743 723 784 discrepantia,
754 743 849 774 malui
872 754 928 774 eos
952 743 1057 785 sequi,
1081 744 1134 785 qui
1157 744 1295 785 particu-

140 800 201 830 lam
224 796 256 830 cz}
279 799 420 837 delent,“
444 810 509 830 non
533 804 583 830 est
605 799 790 830 audiendus.
837 800 962 830 Omnes
986 799 1070 831 enim
1093 799 1296 839 VVilkinsoni,

140 855 230 886 Zellii
253 861 286 886 et
308 855 444 886 Bekkeri
468 855 593 886 codices
624 851 655 885 οὐ
680 854 845 893 exhibent3
875 859 986 896 estque
1010 865 1121 887 sensus
1148 866 1213 887 non
1238 856 1295 887 du-

140 911 220 942 bius.
256 907 420 951 Ἀναλογία,
444 916 480 942 ut
501 915 587 942 recte
610 911 690 942 vidit
710 910 848 942 Michael
866 911 1036 952 Ephesius,
1061 917 1110 943 est
1132 912 1193 943 hoc
1215 912 1296 950 loco,

140 977 196 1008 per
219 977 312 1008 quam
337 967 490 998 artificum
515 977 612 1008 opera
635 967 716 998 inter
739 977 773 998 se
796 967 1013 1008 adaequantur
1036 969 1090 1006 (cf.
1109 979 1194 1009 supr.
1213 968 1240 1009 ξ.
1257 968 1295 1000 8:

141 1020 173 1053 τὸ
203 1020 280 1054 κατεῖ
314 1019 363 1061 τὴν
392 1019 541 1063 ἅναλογίαν
576 1021 668 1061 ἴσον);
707 1034 800 1064 quam
835 1023 1075 1064 proportionem
1109 1024 1298 1055 Aristoteles

142 1079 237 1110 etiam
254 1079 350 1109 modo
367 1084 573 1119 exposuerat:
599 1079 730 1110 Quanto
749 1079 882 1120 agricola
898 1084 1038 1112 sutorem
1055 1080 1189 1120 excedit,
1207 1084 1298 1111 tanto

142 1145 274 1166 numero
298 1135 421 1165 calceus
444 1135 637 1165 frumentum
661 1135 813 1165 excedere
837 1134 950 1174 debet,
981 1135 1007 1166 si
1025 1136 1145 1177 justam
1169 1146 1297 1177 permu-

140 1190 294 1222 tationem
317 1190 419 1221 facere
442 1190 551 1221 velint.
593 1187 677 1221 ’En-sl
708 1187 764 1230 γάρ
796 1191 855 1229 (ait
883 1201 1013 1231 graecus
1043 1191 1217 1232 interpres)
1250 1189 1298 1223 6ιυῖ

142 1244 189 1287 τὴν
220 1246 270 1287 τῆς
302 1244 388 1283 etl-<lag
419 1243 488 1284 πρές,
519 1242 554 1276 roi
583 1241 759 1287 ὑποδήματα
788 1242 933 1287 ὑπεροχὴν
968 1246 1077 1287 ἐλέγετο
1108 1243 1122 1277 ὃ
1152 1245 1299 1289 οἰκοδόμῳ

141 1298 287 1342 ὑπερέχειν
311 1301 362 1332 τοῦ
385 1301 523 1339 σκυτέως,
556 1301 732 1333 ἰσασθέντων
755 1301 808 1332 τῶν
838 1298 1031 1343 ὑποδημάτων
1058 1302 1095 1345 τῇ
1119 1301 1192 1344 οἰκίᾳ
1218 1301 1298 1335 ἔσται

143 1354 157 1388 ὃ
187 1354 332 1398 οἰκοδόμες
363 1356 423 1394 ἴσος
454 1357 495 1398 τῷ
524 1359 630 1388 mvsa
677 1357 764 1389 Vidit
792 1357 885 1399 igitur
912 1358 1110 1397 acutissime,
1141 1358 1299 1396 „retribu-

142 1414 262 1445 tionem
291 1419 324 1444 et
353 1413 633 1444 commutationem
663 1414 855 1455 geometrica
885 1414 952 1445 fieri
982 1414 1189 1456 proportione
1221 1426 1300 1457 quae

142 1469 284 1502 terminis
315 1475 449 1511 quatuor
479 1474 622 1508 constet,
657 1469 889 1510 expositionem
920 1481 996 1501 vero
1025 1471 1240 1511 proportionis
1270 1476 1301 1502 et

143 1525 339 1567 aequalitatis
357 1537 476 1564 eorum,
502 1536 581 1567 quae
605 1525 636 1556 in
656 1525 861 1556 retributione
881 1526 1066 1564 efficiantur,
1092 1527 1300 1564 arithmetica,

144 1593 237 1624 quam
268 1581 419 1613 inferius“
444 1582 560 1623 (§.15)
591 1581 713 1619 „tribus
738 1582 832 1613 etiam
856 1582 924 1613 fieri
947 1583 1182 1624 quodammodo
1205 1593 1301 1624 posse

144 1637 327 1670 ostendet.“
374 1638 501 1670 Scilicet
530 1638 721 1679 geometrica
744 1638 908 1679 proportio
935 1639 1112 1670 necessaria
1135 1643 1200 1677 est,
1230 1639 1301 1680 quia

144 1694 281 1736 dignitas
312 1705 518 1735 personarum
556 1694 729 1735 spectanda
763 1699 812 1725 est
845 1694 1101 1735 quodammod03
1139 1694 1193 1725 ubi
1226 1705 1302 1726 vero

145 1750 259 1787 semel,
284 1750 491 1791 multiplicato
516 1761 611 1791 opere
635 1760 791 1790 personae
815 1750 919 1780 minus
944 1751 1066 1792 dignae,
1091 1761 1147 1791 per
1170 1761 1302 1792 operum

145 1805 367 1848 aequalitatem
391 1806 485 1837 etiam
514 1816 720 1847 personarum
750 1805 955 1847 inaequalitas
983 1807 1144 1838 evanescit
1171 1807 1303 1848 (quippe

146 1872 225 1903 quae
249 1872 267 1892 e
291 1863 359 1894 sola
383 1874 513 1904 operum
537 1862 758 1903 inaequalitate
783 1861 972 1901 oriebatur):
997 1864 1080 1904 jam,
1106 1874 1175 1894 cum
1200 1862 1303 1903 digni-

146 1918 219 1949 tatis
243 1928 307 1948 non
333 1916 467 1956 amplius
490 1914 570 1946 ratio
594 1914 763 1952 habeatur,
789 1915 953 1956 proportio
976 1915 1013 1946 fit
1036 1915 1248 1954 arithmetica,
1271 1915 1304 1946 in

147 1985 208 2016 qua
231 1973 352 2004 numeri
384 1972 555 2013 aequalitas
578 1971 645 2002 sola
669 1975 839 2011 spectatur.
885 1971 943 2001 His
968 1970 1007 2001 de
1030 1981 1125 2002 sensu
1154 1968 1304 2011 ἀναλογίας

148 2029 340 2071 praemissis,
362 2029 426 2070 jam
451 2028 639 2059 Michaelem
658 2027 832 2068 Ephesium
857 2027 957 2057 secuti
980 2026 1080 2057 lucem
1105 2026 1205 2057 textui
1229 2027 1303 2057 affe-

148 2096 270 2118 ramus:
302 2085 379 2115 Sunt
398 2087 495 2115 autem
517 2094 574 2115 mm
596 2085 629 2114 in
641 2085 778 2124 fiyuram
797 2084 1001 2123 proportionis
1023 2083 1202 2121 deducendi,
1223 2085 1304 2122 post-

148 2152 236 2183 quam
255 2142 500 2181 permutaverunt
516 2139 698 2180 simpliciter
719 2139 867 2180 operibus
891 2149 955 2170 non
979 2139 1132 2180 aequatis,
1156 2139 1211 2170 sed
1231 2142 1304 2169 ante
