1439 2342
500 52 573 81 Lan-i
595 54 614 80 1.
655 53 721 89 Cap.
744 54 768 81 11
790 55 832 89 (ι).
1223 58 1244 91 7

60 202 64 211 Ι
83 160 168 192 mIne
185 160 302 202 acquiri
314 171 421 202 posse,
445 161 610 194 contendit
624 162 822 198 Aristoteles.
858 163 928 195 Nec
951 167 1107 202 auctores,
1130 164 1242 206 quibus

72 212 273 248 'sententiam
288 227 378 249 suam
394 217 539 249 Muretus
552 218 633 249 tueri
649 223 792 257 conatur,
812 219 907 250 istum
924 219 955 250 in
970 219 1100 250 modum
1113 220 1243 262 intelligi

83 277 228 313 possunt.
284 273 368 304 Nam
408 272 528 314 priinus
564 273 744 305 Eustratius
786 272 903 313 πρακτά
944 275 1082 317 explicat
1115 276 1242 318 quidem

83 327 171 359 ἐκεῖνα
194 322 250 359 ὅσα
275 327 450 368 πράττουσιν
473 324 536 370 ἡμῖν
562 328 746 370 περιγίνεται,
771 334 804 361 et
827 330 972 372 intelligit
990 332 1071 362 fines
1088 333 1241 373 quosdam

82 383 294 425 imperfectos,
318 383 368 414 vel
390 383 474 416 bona
500 381 614 425 (ἀγαθοί
638 397 697 415 τινα
722 381 834 426 ἀτελῆ),
858 397 938 427 quae
962 398 1018 428 per
1035 393 1118 418 artes
1134 389 1240 430 acqui-

82 439 188 470 rimus.
229 439 380 470 Attamen
404 451 460 471 eos
484 440 613 471 minime
637 441 772 482 opponit
795 441 898 479 bonis,
923 453 1003 483 quae
1027 444 1152 484 assequi
1176 455 1241 475 non

80 495 250 536 possimus.
297 495 484 528 Quinimmo
509 496 595 528 addit
619 496 737 535 statim,
760 497 830 528 illos
854 497 940 539 ipsos
964 498 1045 529 fines
1069 498 1240 540 subjectos,

80 551 249 582 humanam
272 551 500 592 perfectionem
524 563 596 585 cum
623 564 686 583 non
712 558 935 595 assequantur,
964 554 1003 585 ad
1026 554 1121 585 alium
1144 555 1239 586 finem

79 607 260 638 referendos
284 618 355 639 esse
379 608 455 649 ipsis
479 609 752 649 praestantiorem,
778 609 863 651 quod
886 609 963 640 nihil
982 610 1065 641 aliud
1081 615 1132 642 est
1147 622 1240 653 quam

79 674 239 694 summum
263 662 393 702 bonum3
418 663 452 702 εἰς
478 657 493 695 ἓ
515 661 628 704 γεγονώς
654 661 668 695 ὃ
693 657 843 705 ἅινὲρωπες
869 665 969 704 τέλειος
994 658 1145 705 ι’ἵνζτρωπος
1168 666 1240 707 γίνε-

80 731 137 750 ται.
183 719 290 760 Itaque
315 732 379 751 non
403 720 583 760 negaverim
606 721 751 762 quidem,
782 718 899 760 πρακτά
922 727 955 753 et
978 723 1119 753 actiones
1144 723 1239 764 signi-

78 775 172 806 ficare
197 780 230 806 et
252 775 343 807 fines.
379 776 431 807 Sic
455 776 534 807 infra
558 788 584 807 c.
611 776 641 815 4,
667 777 694 818 ξ.
721 777 745 807 1.
763 775 794 807 τί
814 773 846 807 τὲ
871 774 981 808 πάντων
1005 774 1164 817 ἀκρότατον
1188 778 1239 809 τῶν

78 830 212 871 πρακτῶν
236 828 364 872 ἆγαξνόνς
400 832 480 863 verti
502 837 626 873 potest:
665 833 752 868 Quod
772 834 901 864 onmium
922 844 1025 864 rerum
1055 835 1240 874 ayendarmn

77 898 150 928 seqn-
151 898 246 918 emum
268 891 313 919 est
334 889 460 919 bonum?
488 889 540 919 vel
560 889 672 920 etiam:
709 890 784 925 Quis
805 891 935 920 omnium
948 891 1062 930 finium
1085 895 1239 921 summus?

78 943 256 985 Utrumque
267 944 351 975 enim
365 955 494 976 sensum
503 944 712 976 Aristoteles
704 955 773 986 ipse
787 945 954 976 confirmat
967 945 1053 986 (Eth.
1063 946 1145 976 Eud.
1155 945 1177 984 Ι,
1189 946 1238 986 7):

78 998 165 1039 διχῶς
184 999 218 1031 λέ
207 1012 246 1040 -εγ
250 1012 295 1030 ται
316 1013 348 1030 το
369 1011 504 1039 πρακτον·
536 1013 584 1031 και
600 1013 654 1041 γαρ
673 995 734 1032 civ<
724 1014 762 1031 νε
755 1013 803 1031 κα
822 1013 970 1043 πραττομε
959 1015 994 1039 ν,
1012 999 1060 1032 καὶ
1076 1014 1113 1032 τα
1133 999 1238 1033 τούτων

79 1068 260 1098 πραττομενα
273 1067 370 1095 χαριν.
394 1057 422 1087 V
423 1067 618 1087 erumemmx
621 1067 674 1087 ero
687 1068 799 1088 sensus
808 1057 927 1088 Mureti
938 1057 1009 1088 ideo
1025 1068 1090 1088 non
1104 1057 1237 1089 obtinet

79 1111 143 1143 Sed
151 1111 292 1152 etipsum
300 1111 505 1143 Aristotelem
513 1113 658 1144 Muretus
667 1113 799 1144 alterum
807 1118 968 1144 auctorem
977 1112 1115 1152 adhibet,
1125 1114 1238 1145 eodem

77 1167 149 1199 loco
169 1167 213 1198 ita
227 1167 428 1208 loquentem:
453 1167 506 1199 τῶν
522 1165 641 1209 ἀγαθῶν
656 1165 694 1199 τοὶ
712 1168 760 1211 μέν
784 1169 859 1200 ἐστιν
881 1165 1027 1210 ἀνθρώπῳ
1052 1166 1178 1209 πρακτά,
1203 1166 1237 1200 ταὶ

77 1219 135 1254 6²02}
149 1220 275 1262 πρακτά.
306 1224 371 1255 Sed
383 1224 570 1256 Aristoteles
586 1225 637 1256 hic
652 1225 793 1256 veritatis
807 1225 1107 1266 contemplationem
1122 1225 1237 1256 actioni

77 1280 226 1321 opponit,
258 1284 290 1310 et
312 1291 401 1311 more
424 1291 482 1311 suo
506 1281 682 1321 anteponit.
730 1281 822 1313 Quae
846 1286 952 1312 tamen
981 1281 1068 1312 addit
1089 1282 1235 1312 Philoso-

76 1335 175 1377 phus:
211 1333 265 1366 ἔνια
291 1334 321 1366 ὁὲ
347 1333 462 1375 πρακτά
486 1335 550 1379 μὲν,
581 1333 659 1369 cimai
689 1334 805 1376 maarai
836 1336 980 1376 κρείττοσι
1004 1333 1080 1378 ἦμῶν
1110 1339 1236 1379 (nempe

76 1392 177 1431 Diis),
209 1402 246 1422 ea
276 1397 361 1422 certe
390 1392 501 1431 verba,
533 1393 563 1423 in
594 1393 711 1424 Mureti
737 1393 946 1435 explicatione
975 1398 1012 1424 ut
1040 1405 1235 1433 maneamus,

76 1458 188 1489 cogere
204 1447 361 1479 videntur.
396 1448 521 1479 Tribuit
542 1460 618 1480 sane
634 1449 822 1480 Aristoteles
846 1449 1148 1490 contemplationem
1163 1450 1235 1481 Deo

76 1504 134 1535 soli
156 1503 207 1535 vel
230 1504 398 1545 praecipue
424 1505 579 1545 (Metaph.
605 1505 626 1544 Ι,
651 1506 700 1545 2)3
725 1506 780 1536 sed
805 1506 875 1536 ideo
893 1505 1053 1536 hominem
1078 1516 1114 1536 ea
1130 1516 1235 1536 carere

76 1571 138 1590 non
169 1564 293 1598 censet,
323 1565 359 1590 ut
381 1561 503 1601 putavit
526 1561 620 1592 etiam
644 1562 784 1592 Ritterus
813 1562 1001 1598 (Gesclaichle
1026 1563 1080 1593 der
1102 1562 1235 1592 Philoso—

70 1618 158 1656 phia,
182 1616 221 1647 T.
245 1615 301 1652 111,
326 1627 357 1657 p.
383 1616 449 1655 56).
490 1617 563 1647 Non
588 1617 665 1648 vidit
688 1617 771 1648 enim
796 1627 855 1648 nec
879 1617 1024 1648 Muretus
1049 1628 1107 1648 nec
1130 1617 1234 1648 Ritte-

74 1683 146 1710 rus,
177 1671 382 1703 Aristotelem
412 1672 464 1702 illo
496 1672 566 1703 loco
597 1673 711 1704 addere
744 1664 805 1703 εὖτε
830 1670 863 1703 τὸ
888 1676 965 1705 θεῖεν
996 1670 1135 1713 φθονερὲν
1158 1672 1233 1704 ἐνδέ-

75 1740 160 1768 χεται
189 1726 271 1765 εἷναι,
302 1732 334 1758 et
362 1728 392 1758 in
426 1727 547 1759 Ethieis
578 1729 598 1758 l.
622 1729 641 1759 l.
674 1728 729 1768 (X,
754 1739 781 1759 c.
808 1730 843 1766 7,
870 1729 898 1769 ξ.
922 1729 1028 1769 8-10)
1059 1729 1232 1760 affirmare:

74 1788 214 1816 mentem
247 1783 339 1825 (νεῖἵν)
370 1784 453 1815 illam
479 1784 631 1823 divinam,
662 1795 741 1826 quae
769 1796 893 1815 summa
922 1785 1070 1816 felicitate
1099 1785 1132 1816 in
1155 1796 1233 1816 con-

74 1840 256 1882 templanda
283 1840 415 1872 veritate
444 1841 598 1881 gaudeat,
628 1840 687 1882 ipsi
710 1840 831 1871 homini
852 1840 1028 1873 inhabitare
1060 1846 1093 1872 et
1114 1841 1232 1882 princ-i-

73 1891 184 1938 patum
207 1900 326 1927 tenere.
374 1897 525 1928 Ceterum
549 1897 758 1928 conferendus
793 1902 842 1928 est
872 1897 950 1928 liber
970 1898 1027 1928 XII
1053 1897 1100 1937 (A)
1126 1897 1231 1928 Meta-

75 1952 294 1993 physicorum‚
330 1952 382 1994 qui
414 1953 453 1984 (le
483 1958 589 1984 mente
620 1953 673 1984 illa
696 1953 802 1984 divina
831 1954 972 1994 disputat
1003 1958 1100 1984 totus.
1148 1952 1234 1984 Dicit

75 2013 159 2039 certe
184 2008 372 2040 Aristoteles
398 2009 477 2049 (infr.
501 2009 529 2047 Ι,
555 2021 581 2040 c.
607 2009 626 2042 6
633 2032 643 2047 ,
675 2009 787 2050 §.133
819 2009 895 2041 Eth.
927 2010 1062 2040 Eudem.
1086 2009 1117 2048 1,
1141 2010 1172 2049 ὃ)
1202 2008 1234 2039 in

74 2064 238 2095 refutanda
263 2064 405 2096 Platonis
428 2065 498 2096 idea
521 2065 612 2104 boni,
644 2065 763 2097 bonum
786 2066 890 2107 ipsum
924 2062 1130 2106 (απῗτεοῖγαξτῡν)
1162 2064 1233 2096 Pla-

75 2119 158 2152 tonis
182 2120 221 2152 ab
238 2120 366 2152 homine
390 2131 493 2163 neque
517 2121 564 2163 agi
588 2132 684 2163 posse
708 2132 810 2164 neque
834 2121 968 2163 acquiri3
990 2132 1082 2162 quein
1108 2120 1233 2152 tertium
