1444 2322
553 75 678 100 editionis
701 75 815 100 anm-ius.
1243 79 1263 103 v

107 177 362 220 praeoptatum
407 173 510 207 illum
555 172 715 208 codicem
761 179 938 218 tanquam
983 174 1262 210 fundamentum

107 241 218 276 totius
250 238 471 274 recensionis
503 239 685 284 posuisse,
724 244 937 285 ceterosque
977 239 1024 274 ad
1064 239 1265 276 difficiliora

107 311 253 342 tantum
291 305 369 339 loca
408 303 574 339 sananda
617 305 799 339 evolvisse.
870 305 941 340 Sed
985 317 1069 341 cum
1112 312 1265 349 constet,

106 371 377 418 comparatione
403 371 586 405 variarum
612 370 810 405 lectionum
835 382 879 405 ex
903 371 946 406 iis
966 371 1148 408 codicibus
1175 374 1264 409 hau-

106 442 256 479 starum,
281 437 344 481 qui
371 442 407 471 et
433 437 479 471 ab
504 437 580 482 ipso
607 442 643 471 et
669 436 714 471 ab
747 436 826 471 aliis
858 437 978 472 collati
1004 437 1158 480 fuerint,
1190 451 1264 473 non

106 514 240 549 paucos
267 513 418 545 errores,
444 507 485 537 ut
510 503 548 537 in
576 514 650 537 uno
676 503 753 537 viro
788 506 864 537 tam
888 503 1006 538 multa
1030 510 1264 550 comparante

107 569 211 604 aliter
237 580 315 603 esse
342 580 416 602 non
430 568 561 613 potuit,
586 568 782 613 irrepsisse,
808 569 1099 614 exspectaverim,
1123 570 1162 604 in
1189 582 1262 604 om-

108 635 216 669 nibus
248 635 316 669 illis
358 634 454 671 locis,
473 623 554 667 ‘ubi
592 633 741 678 vulgata
778 634 926 668 lectioni
964 646 1112 680 prorsus
1150 647 1265 671 novae

107 700 266 741 cesserit,
291 699 455 734 omnium
493 698 658 733 codicum
684 710 904 734 consensum
930 705 968 734 et
993 700 1178 747 explicate,
1204 701 1263 736 fir—

106 765 262 801 mandae
287 765 452 799 lectionis
478 776 597 800 causa.
622 764 822 799 iudicatum
849 763 968 799 fuisse.

205 831 379 867 Ceterum
410 836 587 877 perpetua
627 830 873 865 Bekkerianae
906 830 1072 866 lectionis
1110 832 1264 867 varietas

108 899 144 932 in
173 909 267 932 nova
291 909 372 932 inea
398 897 557 931 editione
584 902 719 937 exstat,
753 902 795 931 ut
826 901 864 931 et
895 897 938 938 ii,
970 897 1102 942 quibus
1128 897 1264 932 Bekke-

105 964 210 998 riana
235 962 453 1008 exemplaria
478 963 515 996 in
542 968 690 1008 promtu
716 973 791 997 non
818 967 915 1004 sunt,
929 974 1009 997 meo
1036 975 1055 997 e
1081 974 1265 998 commen-

107 1029 199 1064 tario
237 1029 410 1063 lectiones
447 1029 514 1062 viri
552 1027 648 1062 docti
686 1027 822 1063 discere
870 1028 1021 1073 possint.
1083 1027 1266 1064 Numerus

106 1095 267 1141 capitum
299 1095 337 1129 in
372 1095 522 1129 summis
561 1094 812 1128 commentarii
850 1094 921 1128 mei
959 1093 1102 1139 paginis
1134 1105 1264 1140 paren-

110 1161 203 1195 thesi
235 1161 399 1194 inclusus
433 1160 696 1195 Bekkerianam
727 1160 887 1206 capitum
921 1158 1265 1206 distinguendorum

105 1227 285 1262 rationem
311 1225 434 1269 refert,
460 1227 497 1260 in
525 1226 600 1260 solo
626 1226 718 1260 libro
750 1237 850 1260 nono
882 1224 1091 1260 diversitate
1123 1227 1265 1272 partiti-

105 1293 185 1327 onis
225 1304 300 1327 non
341 1292 456 1327 obvia,
519 1292 645 1328 corais
687 1298 723 1327 et
765 1291 928 1326 Venetae
961 1291 1142 1334 editionis,
1174 1304 1265 1337 quae

107 1359 370 1394 commentario
396 1358 633 1393 Eustratiano
661 1358 933 1393 Aristotelicum
967 1363 1125 1401 textum,
1157 1369 1265 1403 quem

106 1421 186 1470 ῥητοὶ
212 1425 331 1459 vocari
357 1430 637 1465 consueverunt,
663 1424 875 1471 praemittit,
900 1429 1117 1470 perpetuam
1143 1424 1265 1459 lectio-

106 1492 163 1526 nis
189 1491 403 1525 varietatem
435 1489 567 1524 addidi.
624 1490 681 1524 Ad
706 1491 817 1525 libros
845 1489 928 1525 VIII
953 1497 989 1524 et
1016 1490 1068 1525 IX
1094 1490 1139 1524 de
1176 1492 1265 1525 ami-

108 1557 193 1591 citia
249 1556 469 1591 disserentes
537 1555 735 1591 editionem
798 1556 1110 1598 Fritzschianam,
1172 1567 1266 1600 quae

106 1627 189 1668 post
227 1633 344 1656 meam
384 1621 535 1667 prodiit,
579 1622 794 1667 comparavi.
840 1621 1118 1666 Nonnunquam
1157 1623 1266 1656 tacite

107 1688 204 1723 notis
230 1688 321 1722 meis
347 1687 465 1722 editor
491 1699 578 1722 usus
604 1693 670 1729 est,
694 1687 909 1733 plerumque
935 1687 973 1721 in
1001 1691 1104 1722 textu
1130 1688 1261 1722 consti-

109 1753 248 1789 tuendo
280 1765 364 1797 cum
404 1753 567 1788 Bekkero
600 1753 789 1792 convenit;
821 1753 874 1788 ita
905 1757 948 1787 ut
981 1753 1059 1798 ejus
1090 1752 1265 1788 lectiones

107 1832 183 1855 non
211 1820 436 1861 notaverim,
474 1820 543 1853 nisi
589 1831 610 1854 a
648 1819 812 1854 Bekkero
850 1819 1077 1854 recesserint.
1133 1819 1266 1854 Confe-

109 1886 206 1921 renti
230 1886 388 1931 priorem
417 1897 536 1920 meam
569 1884 767 1920 editionem
799 1897 883 1920 cum
915 1886 983 1920 hac
1014 1896 1109 1919 nova
1139 1885 1265 1919 lectori

110 1950 309 1998 apparebit,
334 1961 444 1996 quam
470 1951 586 1986 multa
611 1956 676 1986 aut
701 1952 934 1994 mutaverim,
960 1957 1024 1986 aut
1056 1949 1266 1988 addiderim,

71 2018 73 2021 '
111 2023 153 2053 ut
178 2018 294 2064 magis
320 2018 508 2063 magisque
535 2029 683 2053 sensum
709 2018 915 2053 Aristotelis
942 2028 1048 2062 saepe
1082 2016 1265 2051 obscurio*

114 2095 192 2119 rem
218 2083 466 2129 philosophiae
493 2089 528 2119 et
563 2084 817 2130 grammatices
844 2083 1047 2118 rationibus
1074 2082 1265 2128 explanare
