1439 2342
227 93 298 130 146
559 93 739 119 Commentar.
761 91 796 118 nd
816 90 926 118 Arintot.
946 89 1034 117 Ethic.
1056 90 1160 118 Nicom.

225 204 366 240 firment,
396 200 473 232 nihil
498 203 595 230 muto.
643 198 764 230 Sensus
787 202 858 229 est:
894 196 978 229 cum
1007 202 1116 238 aperte
1137 197 1243 229 omnia
1271 203 1305 230 et
1325 197 1420 269 ‹li-n

225 268 293 290 cere
317 262 350 288 et
379 265 488 296 agere,
519 253 561 285 sit
591 258 623 285 et
653 251 887 284 contemnentis
917 257 950 284 et
978 252 1074 284 libere
1103 252 1280 295 loquentis,
1315 252 1374 286 hae
1413 270 1419 296 ς

224 313 303 344 duae
338 309 528 352 magnanimi
560 309 770 350 proprietates
805 318 844 339 ex
883 317 919 339 se
959 307 1092 339 invicem
1128 308 1374 350 progignuntur3

223 378 316 408 quam
339 365 527 397 sententiam
560 363 654 395 etiam
679 364 847 405 pleraeque
876 362 1006 394 aliarum
1035 363 1206 395 lectionum
1236 368 1374 395 tuentur.

224 422 258 454 si
280 427 387 453 tamen
411 431 483 453 cum
507 420 610 452 Corae
633 419 728 450 verba
753 413 1005 459 παῤῥησιαστικοῧ
1035 418 1083 450 6}-
1113 417 1158 450 διὸ
1187 423 1374 460 καταφρρνη-

225 474 297 514 τικός
324 481 473 518 tanquam
505 475 611 516 spuria
633 474 773 516 rejicias,
803 473 980 505 sententiae
1004 473 1080 504 nihil
1104 474 1216 506 deesse
1240 474 1373 506 videtur.

224 551 265 556 --
288 530 402 572 εἴρωνα)
432 529 554 570 εἰρωνεία
578 529 770 562 Wilkinsoni
792 533 825 560 et
849 528 985 560 Bekkeri
1009 529 1136 561 codices
1159 535 1294 571 excepto
1316 528 1374 567 Nb,

221 589 306 625 Ven,
343 586 545 619 Cardwellus.
598 585 793 616 Felicianus:
838 584 914 622 „Ut
942 585 1108 616 manifeste
1146 584 1220 617 hinc
1256 590 1374 627 pateat,

221 642 424 674 Aristotelem
455 652 518 672 non
550 651 678 671 omnem
702 637 1012 671 dissimulationem“
1037 640 1196 681 (quamvis
1227 640 1374 682 quiddam

221 697 409 736 extremum)
440 707 599 737 „pravam
630 706 700 727 esse
731 700 764 726 et
786 694 931 726 vitiosam
961 695 1173 727 existimare.“
1219 696 1268 728 Cf.
1296 696 1374 727 infra

222 765 248 785 c.
269 755 299 791 7,
325 754 353 794 ᾧ.
371 752 402 790 6,
431 752 478 784 14.
503 757 536 782 et
562 750 611 782 16.

310 809 338 849 ξ.
363 808 416 838 28.
470 802 569 846 αὐτῷ)
605 802 684 846 αὐτῷ
721 805 958 844 Wilkinsonus,
997 807 1133 845 Coraes,
1170 807 1374 847 Cardwellus,

220 863 400 901 Bekkerus,
424 863 503 894 Ven.

308 919 335 959 ξ.
360 918 411 950 29.
458 914 694 957 ἄνθρωπολόγος)
718 917 792 948 Non
817 917 855 948 de
879 917 1058 948 hominibus
1082 918 1221 959 loquitur
1245 929 1372 960 magna-

221 968 342 1011 nimus,
377 975 432 1005 sed
463 974 502 1004 de
526 972 619 1004 rebus
651 978 682 1003 et
712 973 750 1004 de
774 973 864 1011 De0;
902 978 1094 1014 quapropter
1119 984 1190 1004 eum
1215 973 1374 1014 eleganter

221 1030 396 1061 Felicianus
421 1026 557 1068 θεολόγον
581 1028 686 1068 potius
711 1038 781 1059 esse
805 1028 898 1065 dicit,
923 1039 1016 1069 quam
1041 1025 1272 1070 ἆιιὲρωπσλόγον.
1303 1029 1372 1061 Sci-

219 1085 292 1116 licet
319 1085 484 1116 veritatem
515 1090 617 1121 curat,
653 1094 716 1114 non
754 1084 841 1124 quod
871 1084 1002 1116 interest
1033 1085 1237 1126 singulorum.
1262 1103 1304 1108 -—
1335 1087 1373 1118 δι’

219 1134 307 1180 ὕβριν)
330 1139 562 1171 Contumeliam
589 1139 806 1180 praesentibus
831 1140 978 1178 inferens,
1005 1141 1177 1172 secundum
1201 1098 1405 1182 Aspasium}¹

219 1200 252 1227 et
280 1195 526 1236 paraphrasten,
557 1195 628 1235 quia
657 1194 841 1226 absentibus
873 1196 1060 1227 maledicere
1091 1207 1153 1227 non
1188 1202 1273 1228 esset
1303 1208 1370 1228 ma·

218 1262 367 1293 gnanmn.

307 1307 334 1347 ᾧ.
357 1305 410 1337 33.
456 1306 555 1346 (Cap.
580 1305 651 1344 IX.)
700 1302 759 1336 εὗρ’
790 1301 883 1345 οὗτοι)
933 1306 981 1338 Cf.
1015 1317 1109 1347 supra
1139 1319 1166 1338 c.
1195 1307 1232 1346 2,
1265 1307 1293 1348 ξ.
1318 1308 1371 1340 21.

218 1380 261 1385 —
290 1353 367 1401 ἄξιος
403 1355 450 1401 ἦν)
498 1361 730 1402 Explicandum
767 1361 889 1392 videtur
926 1362 1161 1402 imperfectum,
1206 1368 1242 1393 ut
1278 1373 1372 1404 supra
1435 1404 1437 1409 Ι

217 1417 274 1455 111,
305 1428 331 1448 c.
357 1417 395 1454 ἴ),
427 1417 454 1457 ξ.
480 1416 518 1455 33
551 1417 673 1447 dixerat
703 1417 786 1447 enim
818 1417 911 1457 paulo
949 1418 1092 1458 superius
1123 1410 1200 1458 ἅξιες
1231 1413 1267 1449 ὧν
1297 1414 1370 1458 οἷγα-
1425 1434 1439 1465 Ε(

216 1473 286 1504 θῶν.
312 1490 353 1494 -
379 1467 510 1512 ὀκνηροί)
541 1471 592 1502 Sic
616 1472 660 1508 Β,
692 1472 770 1509 NC,
798 1472 859 1509 H*¹‚
891 1471 953 1509 Kb,
975 1471 1039 1510 Nb,
1067 1471 1131 1511 Ob,
1156 1473 1242 1511 Ven,
1267 1474 1368 1515 Argy-

216 1528 360 1569 ropylus,
390 1527 571 1565 Bekkcrus3
604 1526 693 1566 νεερεί
720 1526 748 1557 Α
780 1526 881 1567 (Lb),
907 1528 953 1565 C,
986 1528 1042 1565 El,
1074 1528 1152 1566 Par,
1183 1529 1276 1565 Vrat,
1307 1526 1369 1566 Mb,

216 1583 388 1623 Aspasiu33
419 1581 528 1622 vwzpor'
549 1582 634 1613 CCC
661 1582 720 1622 (El.
746 1582 785 1612 ad
809 1583 929 1623 oram),
968 1583 1213 1624 paraphrastes,
1239 1584 1368 1615 Coraes.

215 1638 322 1679 Itaque
352 1649 407 1669 sex
439 1638 562 1668 codices
594 1638 750 1678 utrimque
781 1644 856 1669 sunt
891 1643 1052 1676 auctore-«³,
1089 1644 1121 1670 et
1158 1639 1211 1680 qui
1240 1639 1370 1671 deberet

215 1699 411 1725 momentum
435 1693 577 1724 lectionis
602 1694 720 1730 facere,
746 1694 856 1725 tertius
881 1694 1021 1725 decimus
1040 1695 1140 1725 codex
1159 1700 1223 1725 stat
1239 1706 1256 1725 a
1272 1695 1367 1726 Para·
1416 1721 1420 1729 ,

214 1749 342 1789 phraste
365 1749 664 1789 corrumpendarum
693 1749 863 1780 lectionum
895 1755 1033 1781 auctore.
1088 1750 1293 1781 Praetulerim
1321 1750 1366 1781 le-

213 1804 351 1835 ctionem
381 1803 481 1842 νοεροί,
518 1815 611 1845 quam
642 1805 795 1845 Aspasius
829 1805 1053 1846 interpretatur
1091 1806 1194 1846 δριμεῖς
1222 1803 1270 1836 καὶ
1303 1805 1365 1836 ἐπι·
1386 1808 1439 1853 f!

213 1858 350 1900 νοητικιί,
380 1859 399 1890 i.
431 1869 459 1890 e.
494 1870 582 1889 acres·
611 1863 639 1890 et
668 1861 874 1900 intelliyentes;
910 1861 1030 1892 scilicet
1058 1860 1151 1892 nimis
1175 1861 1364 1902 importune,

212 1925 315 1955 neque
340 1919 374 1944 ut
397 1919 533 1954 oportet,
558 1914 761 1955 inscriptione
786 1915 941 1956 Delphica
971 1915 1059 1955 yram
1091 1912 1196 1946 (ταύτόν
1227 1921 1363 1954 utuntur,
1390 1923 1439 1969 *HM

213 1981 282 2001 cum
311 1969 403 2000 nimis
440 1969 550 2000 sedulo
581 1980 614 2000 se
646 1970 733 2010 ipsos
762 1976 1015 2012 perscrutantes,
1051 1971 1166 2012 aliquid
1195 1953 1391 2010 inveniant,l3

213 2035 267 2056 cur
295 2025 349 2055 tali
378 2025 497 2055 honore
525 2035 582 2066 per
605 2026 794 2057 modestiam
819 2038 854 2058 se
877 2026 1024 2067 indignos
1055 2032 1178 2068 putent.
1238 2027 1362 2058 Etenim
1400 2054 1415 2065 „

212 2091 273 2121 quo
304 2081 372 2121 quis
401 2080 500 2121 magis
530 2090 564 2111 sc
588 2081 728 2119 noverit,
764 2093 801 2112 eo
832 2082 887 2113 fiet
914 2082 1103 2116 modestior:
1138 2093 1231 2124 quam
1254 2084 1359 2115 tames!

1436 1997 1439 2013 l

211 2135 337 2166 nimiam
362 2135 635 2176 scrupulositatem
661 2136 690 2166 in
716 2136 852 2168 minimis
877 2138 1000 2169 mendis
1024 2137 1248 2179 investigandis
1265 2148 1356 2170 occu—
