1439 2342
204 75 250 111 3⁴
478 76 656 99 Cornan-ntur.
682 71 715 97 nd
737 71 844 97 Aristot.
868 69 953 96 litluic.
975 69 1077 96 Nicon..

206 181 457 217 amantissimus,
488 190 506 210 a
529 177 686 218 figmentis
710 180 815 208 autem
845 180 879 208 et
903 175 943 208 ab
966 176 1120 218 allegoriis
1142 177 1175 208 in
1195 177 1359 209 trae-tanda

207 236 406 281 philosophia
429 233 636 265 alienissimus
661 237 745 270 erat,
772 231 852 264 ferre
875 243 939 264 non
962 232 1077 274 potuit.
1122 232 1244 265 Docuit
1264 232 1358 271 enim,

208 305 261 326 ens
284 289 476 323 substantias
507 300 577 320 esse
601 287 640 319 ab
664 287 701 318 iis
728 286 890 326 omnibus,
922 299 1002 330 quae
1025 288 1084 320 sub
1115 299 1244 320 sensum
1267 287 1360 320 eade—

208 353 292 385 rent,
317 357 380 377 non
404 343 607 385 intelligentia
630 347 769 380 tantum,
792 342 850 374 sed
871 353 906 374 re
927 343 996 385 ipsa
1018 349 1195 385 separatas,
1219 344 1259 375 ad
1282 355 1360 386 quas

208 402 348 435 omnium
372 400 609 442 generationum
633 397 785 439 principia
805 398 969 430 referenda
992 405 1109 438 essent,
1132 400 1164 431 in
1188 411 1266 441 quas
1288 405 1359 431 tan-
1401 392 1406 400 ”

210 471 301 501 quam
331 458 363 489 in
394 455 583 496 exemplaria
613 453 739 485 intuens
769 453 859 486 Deus
890 459 995 486 cetera
1025 455 1132 487 omnia
1159 456 1359 497 produceret.
1404 452 1406 455 ’

210 515 342 547 Animos
376 512 469 544 etiam
505 513 650 548 nostros',
685 513 853 551 antequam
883 509 1122 543 demitterentur
1154 511 1185 542 in
1217 522 1360 552 corpora,
1403 538 1407 546 χ

209 569 408 605 familiariter,
432 573 468 597 nt
490 567 533 597 ita
549 565 661 603 dicam,
685 569 828 597 versatos
852 576 922 597 esse
947 577 1018 597 cum
1040 566 1119 597 ideis
1143 572 1176 598 et
1199 577 1238 598 ex
1252 577 1359 598 earum

209 626 324 657 intuitu
348 622 487 654 omnium
516 632 621 652 rerum
644 619 823 663 cognitione
853 621 1006 662 viguisse3
1037 627 1112 663 post
1134 634 1205 654 cum
1232 622 1264 653 in
1287 632 1360 663 per-

209 680 369 712 turbatum
409 677 549 719 eorporis
587 676 777 708 domicilium
816 677 1097 718 commigrassent‚
1137 677 1252 710 oblitos
1291 688 1361 709 esse

210 747 335 773 eorum,
371 744 450 775 quae
479 738 573 764 antea
603 732 777 764 sciverant:
812 733 970 764 reminisci
1004 739 1112 765 tamen
1140 745 1249 765 eorum
1282 733 1360 764 alios

211 791 345 828 facilius,
376 789 453 820 alios
483 788 592 830 majori
621 788 765 830 negotio,
795 793 891 829 prout
919 789 1030 830 cuique
1058 790 1158 832 major
1183 794 1238 820 aut
1260 788 1361 820 minor

211 859 282 879 eum
313 856 444 886 corpore
476 844 656 886 conjunctio
686 849 781 876 esset.
828 844 897 875 Illas
928 845 1088 885 speciosas
1120 851 1152 876 et
1181 844 1360 886 plausibiles

211 903 329 934 fabulas
353 900 541 932 Aristoteles
570 900 780 941 repudiandas
811 901 948 941 putavit,
978 901 1008 931 in
1032 901 1130 942 iisque
1155 906 1263 942 aperte
1285 911 1359 941 pro-

209 960 309 990 fessus
332 963 391 996 est,
415 956 473 987 sibi
494 967 565 987 cum
581 956 714 987 Platone
737 956 905 987 convenire
929 967 993 987 non
1009 960 1138 997 posse.“
1175 956 1359 988 Notandum

209 1021 316 1046 tamen
333 1018 392 1051 est,
415 1012 581 1043 Platonem
605 1022 669 1042 non
685 1011 788 1053 ipsum
811 1011 931 1043 fabulas
947 1012 1014 1043 illas
1030 1023 1088 1053 pro
1104 1023 1178 1044 vero
1195 1012 1360 1049 habuisse3

211 1070 284 1107 sed,
314 1068 385 1110 quia
408 1068 572 1099 veritatem
602 1078 666 1098 non
691 1067 766 1098 satis
794 1067 969 1099 luculenter
990 1068 1196 1109 introspexit,
1226 1068 1298 1099 ideo
1321 1068 1361 1098 ad

211 1126 337 1167 mythos
361 1124 560 1165 confugisse:
592 1129 624 1154 et
644 1134 844 1155 successores
867 1124 995 1155 demum
1024 1125 1091 1166 ejus
1119 1124 1292 1166 vulgusque
1315 1124 1359 1155 fa-

211 1182 299 1212 bulas
322 1181 388 1211 illas
413 1180 452 1211 ad
475 1180 611 1211 litteram
635 1179 806 1220 accepisse.
851 1179 959 1221 Itaque
982 1181 1215 1221 quodammodo
1238 1185 1361 1211 veteres

211 1237 397 1277 interpretes
421 1241 506 1267 recte
522 1235 765 1273 contenderunt,
788 1235 993 1266 Aristotelem
1008 1236 1112 1267 verbis
1128 1235 1360 1273 tantummodo,

212 1304 275 1324 non
301 1304 332 1323 rc
358 1304 374 1322 a
398 1292 531 1323 Platone
555 1291 731 1329 dissentire,
756 1301 857 1332 neque
881 1291 1031 1323 adversus
1054 1292 1222 1323 Platonem
1243 1292 1360 1332 ipsum,

212 1350 267 1380 sed
292 1349 440 1379 adversus
464 1359 537 1385 eos,
562 1347 614 1388 qui
637 1346 803 1378 Platonem
827 1347 908 1378 male
932 1347 1158 1388 intelligerent,
1189 1347 1360 1388 disputare.

213 1405 308 1436 Quod
332 1409 364 1435 et
386 1404 454 1445 ipse
477 1403 579 1434 innuit
600 1402 789 1434 Aristoteles
819 1404 972 1444 (Metapli.
996 1403 1083 1441 Xlll,
1107 1405 1155 1443 4):
1187 1399 1200 1434 ὁ
1223 1402 1271 1445 μὲν
1294 1407 1360 1434 Σω-

210 1457 315 1501 κράτη,-
347 1461 418 1501 (qua
448 1470 584 1501 persona
611 1459 795 1499 saepissime
827 1460 909 1500 apud
939 1460 1142 1490 Aristotelem
1172 1460 1263 1491 Plato
1293 1458 1362 1499 ipse

211 1516 402 1556 designatur)
427 1511 463 1546 τοὶ
487 1511 618 1547 καὲέλου
650 1511 682 1545 οὗ
704 1511 839 1555 χωρισταὶ
865 1514 951 1546 ἐποίει
975 1511 1037 1546 οὔόὲ
1062 1511 1125 1553 τούς
1150 1511 1301 1557 ἑρισμσῦς,
1329 1515 1361 1545 οἱ

212 1569 238 1601 o'
269 1568 410 1610 ἐχώρισαν
437 1568 483 1601 καὶ
516 1567 550 1601 n}
583 1570 701 1602 τοιαῦτα
732 1570 784 1601 τῶν
815 1563 896 1602 gin-w
926 1570 999 1605 ι’ὁέιις
1029 1568 1264 1612 προςηγόρευσαν.
1294 1565 1361 1609 dign

212 1626 363 1663 συνέβαινεν
395 1622 488 1658 αὐτοὶ·
519 1623 628 1657 πάντων
658 1625 734 1664 ἰδέας
762 1625 830 1657 εἶναι
862 1626 913 1658 τῶν
941 1624 1073 1659 καθόλου
1098 1627 1257 1669 λεγομένων.
1303 1627 1360 1658 Ni-

213 1681 380 1711 hilominus
403 1681 590 1712 Aristoteles
614 1682 728 1722 partim
750 1681 838 1720 illos,
870 1694 1059 1725 quamquam
1084 1683 1267 1714 absurdiora
1289 1693 1361 1724 pro-

213 1741 378 1777 ponentes,
403 1737 514 1776 pnrtim
537 1737 637 1777 ipsum
654 1738 820 1769 Platonem
845 1739 1031 1780 aggreditur,
1055 1749 1125 1770 cum
1142 1749 1241 1779 penes
1256 1738 1360 1779 ipsum

212 1793 302 1832 culpa
327 1792 384 1822 sit.
409 1792 493 1831 quod
516 1792 656 1833 discipuli
681 1794 854 1825 doctrinam
879 1795 945 1836 ejus
967 1794 1012 1825 ita
1034 1794 1254 1826 intellexerint.

302 1847 332 1877 ln
349 1847 575 1887 Menapia-sicis
600 1849 716 1888 passim
740 1855 839 1880 totam
863 1850 903 1881 de
924 1850 1003 1881 ideis
1019 1850 1194 1882 doctrinam
1217 1854 1361 1882 accurate

211 1904 325 1934 refutat
349 1902 552 1936 Aristotcles,
583 1914 661 1943 quae
684 1906 829 1937 refutatio
859 1906 994 1938 breviter
1018 1907 1205 1947 exponenda
1227 1906 1360 1943 videtur,

212 1964 246 1990 ut
268 1959 350 1989 lianc
375 1957 471 1988 nostri
496 1958 606 1998 capitis
630 1959 891 2000 disputationem,
916 1973 996 2004 quae
1019 1962 1169 1994 adversus
1191 1961 1266 1993 boni
1289 1966 1359 1993 tan·

212 2020 278 2045 tum
304 2014 405 2045 ideam
430 2019 558 2054 pugnat,
583 2014 801 2055 intelligamus.
837 2018 965 2049 Primo
989 2018 1019 2049 in
1041 2019 1221 2050 universum
1234 2017 1359 2049 Aristo·
1385 2010 1389 2012 ⁵

211 2070 288 2100 teles
318 2069 414 2110 ipsius
446 2069 586 2100 Platonis
612 2069 699 2102 ideas
734 2073 847 2103 refutat
882 2075 1040 2116 (Metaph.
1069 2075 1098 2115 1,
1128 2074 1164 2113 93
1193 2074 1279 2112 Xlll,
1308 2075 1357 2113 5):

209 2126 302 2157 ..Vult
336 2125 460 2165 quidem
486 2125 575 2156 Plato
606 2126 636 2156 in
671 2127 857 2165 Phaedone,
889 2130 975 2161 ideas
1005 2130 1156 2171 principia
1187 2135 1219 2161 et
1249 2139 1369 2162 causas·
