1439 2342
538 72 610 100 Libri
623 73 672 104 1x.
706 74 772 110 c-p.
787 74 834 102 1x.
1202 72 1276 109 303

214 177 243 219 ἑ.
276 177 328 210 10.
381 177 511 220 γένοιτο)
546 180 648 221 γίνοιτο
685 182 878 214 Cardwellus
909 187 942 214 et
969 182 1132 217 Bekkerus
1163 183 1228 215 suis
1257 194 1275 215 e

124 232 298 271 codicibus,
322 241 455 276 excepto
479 234 533 267 Ι).
559 254 601 259 -
627 236 754 279 Θέογνις)
778 238 812 270 ln
840 238 1000 278 versibus,
1025 250 1104 281 quos
1133 244 1167 271 et
1196 239 1277 271 infm

123 291 166 328 (c.
193 288 243 327 12,
268 289 296 330 ᾗ.
321 289 356 328 3)
385 290 486 332 tangit
515 292 721 332 Aristoteles,
751 298 784 325 et
812 294 903 326 Plato
934 294 965 326 in
997 295 1138 327 Menone
1166 305 1197 337 p.
1233 294 1276 327 95

124 347 172 386 (p.
194 344 274 383 379)
299 345 422 387 plenius
445 346 537 378 citat:

323 436 373 460 Καὶ
393 432 456 468 παρὰ
475 441 556 462 τοῖσιν
574 441 626 462 πῖνε
644 438 682 462 καὶ
702 437 786 470 iesu,
804 439 842 463 καὶ
863 433 923 472 pm&
943 443 1022 465 τοῖσιν

356 477 416 515 Ἰζε,
435 484 473 508 καὶ
493 479 573 509 :Mau
594 488 652 516 τοῖς,
672 479 702 509 ὧν
721 479 816 519 μεγάλη
836 480 941 518 &timum

320 526 447 555 ’Ea-572&
467 531 507 564 μὲν
526 526 570 564 γὰρ
589 526 627 556 εἶπ’
649 527 736 557 ὲσόλᾶ
755 525 874 565 διδάξεαι,
893 529 920 564 ἢν
939 532 963 557 δὲ
981 536 1077 558 κακοῖσι

359 577 514 613 Συμμίσγῃς,
533 575 636 607 ἀπολεῖς
654 579 692 603 καὶ
712 573 752 605 ‘rav
771 573 839 603 ἱέντα
858 574 917 604 νόον.

123 622 267 654 Tertium
280 634 417 662 versum,
443 626 530 666 cujus
554 625 676 656 initium
691 630 796 657 exstat
807 626 886 656 infra
910 637 937 657 c.
965 627 1016 664 12,
1041 627 1068 667 ᾧ.
1082 626 1113 665 3,
1137 630 1170 657 et
1181 636 1274 668 quar-

123 684 190 710 tum
214 679 264 712 hic
287 680 405 712 habent
427 680 481 719 Lh,
506 681 562 719 Νὴ,
586 682 672 714 2113
689 687 722 714 et
746 693 854 724 margo
878 682 1073 714 Oxoniensis
1105 682 1210 721 CCC,
1240 687 1277 714 ut

122 740 214 767 notat
225 735 399 775 Bekkerus,
414 737 466 778 qui
481 737 584 768 addit:
609 738 681 776 „Ea
694 737 768 769 olim
786 738 883 769 textui
901 738 1135 776 inserebantur3
1159 737 1275 769 absunt

123 792 218 822 etiam
243 803 260 823 a
286 792 382 830 1471,
408 792 625 832 1855,1856,
651 793 748 831 2023,
775 794 872 831 2024,
896 793 992 826 2114.
1040 794 1108 825 Ven
1132 794 1180 825 his
1203 803 1274 825 ver-

123 847 210 878 sibus
234 848 424 888 praemittit:
455 846 510 879 οἷον
534 845 569 887 ὡς
599 848 684 889 λέγει.
710 868 748 874 --
779 847 910 890 εἴρηται)
942 849 991 880 Cf.
1021 859 1116 890 supra
1145 849 1167 887 1,
1192 860 1219 880 c.
1243 849 1275 889 8,

123 903 151 944 ᾧ.
175 903 226 936 11.
261 921 298 927 -
330 901 459 945 ὁυνοίμει)
490 902 603 946 δύναμιν
627 905 706 943 Par,
739 904 794 942 1³¹⁵,
826 903 890 942 Mb,
920 903 977 936 Nb.
1002 922 1043 927 ——
1065 901 1229 946 αἰσθήσεως
1256 899 1275 946 ἢ

122 956 254 1000 νοήσεως)
280 960 333 991 Sic
359 971 469 991 omnes
494 961 638 999 codices;
664 961 780 992 Zellius
797 967 902 992 tamen
921 966 1074 1002 sequente
1091 961 1194 992 Corae
1217 971 1275 1001 pro

122 1007 142 1056 ἥ
163 1015 314 1047 assumsit
336 1015 394 1054 καί,
419 1017 502 1058 quod
528 1022 560 1047 et
583 1017 613 1047 in
645 1017 904 1048 Cardwellianam
935 1017 1108 1048 editionem
1137 1016 1273 1057 irrepsit,

121 1071 274 1102 varietate
293 1071 437 1102 lectionis
462 1083 524 1103 non
549 1077 673 1103 notata:
697 1072 742 1103 ita
764 1078 800 1103 ut
822 1073 962 1110 nescias,
986 1078 1092 1103 utrum
1122 1083 1139 1103 e
1165 1072 1275 1104 codice

121 1125 178 1165 Kb,
203 1138 242 1158 an
267 1127 374 1168 potius
398 1139 415 1158 e
440 1128 580 1159 Zelliana
604 1128 753 1159 editione.
793 1128 999 1160 Correctione
1015 1139 1080 1158 non
1105 1138 1185 1168 opus
1209 1133 1275 1166 est3

121 1194 195 1214 nam
219 1175 255 1224 ἦ,
286 1194 344 1224 pro
375 1182 426 1214 καί
454 1184 609 1224 positum,
642 1184 798 1224 explicare
829 1189 922 1225 atque
953 1184 1048 1214 etiam
1073 1184 1274 1225 conjungere,

121 1238 256 1270 vidimus
281 1250 375 1280 supra
400 1239 439 1270 ad
463 1238 529 1278 Vll,
553 1250 580 1270 c.
607 1239 636 1276 7,
661 1239 688 1279 ξ.
713 1239 743 1271 2.
791 1239 911 1270 Sensus
935 1244 998 1270 est:
1023 1238 1180 1270 Animalia
1203 1243 1275 1269 tan-

121 1300 189 1326 tum
215 1295 366 1333 sentiunt,
390 1295 535 1326 homines
560 1299 614 1325 aut
637 1294 778 1326 sentiunt
801 1300 855 1326 aut
878 1285 1071 1335 intelligunt3
1093 1294 1137 1325 ita
1158 1299 1195 1325 ut
1216 1294 1275 1325 ho-

123 1350 199 1382 mini
223 1357 256 1382 et
279 1362 391 1382 sensus
416 1355 448 1381 et
470 1350 677 1391 intelligentia
703 1356 875 1392 competat.
922 1351 956 1382 Si
981 1351 1033 1392 qui
1063 1361 1138 1382 vero
1167 1351 1276 1391 legunt

123 1403 269 1448 ἀνθρώπῳ
294 1417 351 1448 pro
376 1402 549 1446 ἀνθρώποις,
580 1411 616 1437 ut
639 1407 717 1444 Par,
748 1407 768 1437 ii
798 1418 874 1438 sane
906 1406 1016 1437 melius
1046 1405 1098 1437 καί
1126 1406 1275 1438 scribant.

121 1463 323 1494 Eustratius:
364 1464 420 1500 τοῖς
445 1461 474 1493 ὁὶ
500 1459 663 1501 ἀνθρώποις
687 1458 719 1492 τὸ
745 1461 792 1504 ζῇν
817 1458 939 1501 ὁρίζεται
963 1461 1005 1503 τῷ
1021 1475 1050 1493 τε
1075 1459 1275 1494 αἰσθάνεσθαι

123 1515 268 1550 δύνασθαι
297 1515 344 1549 καὶ
376 1517 416 1558 τῷ
447 1515 591 1550 δύνασθαι
621 1520 696 1549 νοεῖν.
744 1518 808 1549 Sed
832 1518 1057 1559 paraphrastes
1085 1510 1105 1558 ἤ
1127 1508 1274 1549 servarit.

124 1593 161 1598 —
188 1571 337 1615 ἐνάγει-αι)
362 1574 520 1615 Antiquus
541 1574 643 1605 codex
655 1573 785 1604 Victorii
809 1566 927 1613 ἄγεται,
952 1578 984 1604 et
1007 1584 1078 1604 cum
1100 1572 1274 1604 Bekkeria-

122 1641 182 1662 nus
217 1628 261 1661 Lb
284 1630 360 1661 item
390 1630 435 1661 sic
464 1630 564 1671 legat,
596 1629 694 1660 habes
725 1640 843 1660 novum
873 1633 1109 1670 argumentum,
1139 1628 1275 1659 eundem

124 1697 194 1718 esse
223 1685 337 1717 librum
366 1697 438 1717 cum
470 1685 663 1716 Victoriano.
700 1685 793 1726 Legit
823 1684 866 1716 ita
897 1690 929 1716 et
958 1685 1028 1716 Par.
1062 1701 1100 1707 —-
1130 1681 1199 1714 ἔοικε
1230 1682 1275 1721 δέ)

124 1742 178 1774 Sic
201 1742 318 1773 Zellius
343 1747 374 1773 et
398 1741 590 1773 Cardwellus
615 1741 682 1774 sine
702 1741 853 1772 varietate
883 1741 1044 1772 codicum:
1077 1737 1114 1781 δή
1138 1739 1276 1771 wilkin-

124 1809 222 1829 sonus
239 1803 271 1829 et
288 1798 357 1839 ipse
381 1798 449 1829 sine
471 1803 548 1828 nota
572 1797 687 1828 critica.
734 1797 899 1829 Bekkerus
917 1797 991 1828 item
1010 1794 1045 1838 δή
1069 1796 1153 1838 legit,
1177 1807 1194 1826 e
1211 1796 1276 1827 suis

124 1853 286 1886 codicibus
311 1854 414 1885 solum
441 1852 491 1885 Mb
516 1853 549 1884 δέ
566 1853 713 1884 exhibere
738 1853 907 1884 affirmans.
943 1854 1016 1884 Non
1035 1852 1116 1883 male
1133 1852 1277 1884 scribitur

124 1907 171 1951 δή,
194 1921 266 1941 cum
291 1921 374 1941 nova
397 1910 493 1941 series
518 1909 770 1940 enuntiationum
801 1908 983 1945 inchoetur,
1013 1907 1275 1949 praecedentibus

123 1966 225 1998 lucem
249 1966 389 1997 allatura.
412 1983 457 1989 —-
479 1961 511 1996 τὸ
536 1961 725 2007 δ’ὦρισμένον)
751 1965 800 1997 Cf.
824 1975 918 2006 supra
939 1964 977 1994 ad
1002 1963 1024 2001 I,
1050 1975 1077 1995 c.
1103 1962 1133 2002 6,
1158 1963 1186 2004 ξ.
1211 1964 1242 1995 7.

213 2022 240 2063 ᾧ.
274 2022 324 2054 11.
375 2021 400 2052 ἐν
433 2024 491 2060 τοῖς
522 2020 685 2063 ἐχομένοις)
709 2021 847 2065 &Qum
882 2020 914 2050 in
951 2019 1088 2062 quinque
1118 2018 1274 2059 prioribus

125 2076 279 2119 capitibus
303 2076 374 2109 libri
396 2077 508 2116 ultimi,
531 2077 571 2109 de
593 2077 758 2118 voluptate
781 2082 813 2108 et
840 2076 948 2107 dolore
970 2075 1085 2107 iterum
1109 2075 1274 2117 disputan-
