1439 2342
165 60 215 97 w
446 61 624 86 Commentnr.
649 57 683 83 nd
703 57 812 83 Aristot.
835 55 919 81 Euhie.
941 54 1043 81 Nicom.

168 181 251 202 mam
270 168 363 209 (εἷὸικ)
385 168 449 198 sive
473 164 643 196 essentiam
670 160 788 203 (οὐσίαν)
811 162 843 193 id
858 162 961 204 ipsum
978 162 1125 202 pertinet,
1149 162 1232 203 quod
1256 162 1318 194 hoc

167 227 238 258 loco
250 222 424 263 ὑποκείμενον
432 219 594 251 Eustratio
606 219 709 250 vocari
722 218 835 259 placet.
859 218 1027 250 Summum
1041 216 1159 249 bonum
1171 216 1254 249 enim
1267 223 1318 250 est

167 290 299 312 vacuum
318 286 454 314 nornen,
477 286 540 306 non
561 274 703 305 definitio
722 272 941 311 beatitudini83
965 272 1107 304 definitio
1125 277 1230 304 autem
1248 278 1317 305 tum

166 336 292 366 demum
307 331 489 368 absolvitur,
502 340 584 368 cum,
594 329 668 371 quid
681 328 723 360 sit
737 339 895 360 summum
904 327 1034 367 bonum,
1049 328 1230 369 explicatur.
1255 328 1315 360 lta-

166 401 224 432 que
237 389 308 420 ferri
320 387 423 429 possit
435 385 466 417 τί
474 386 558 422 ἐστιν,
571 396 642 416 cum
655 383 687 415 τί
694 384 736 415 sit
747 383 934 415 vocabulum
947 383 1088 416 solemne
1100 384 1140 415 ad
1147 384 1316 426 designan-

165 446 236 476 dam
250 443 437 480 essentiam3
454 452 548 483 quare
561 446 592 472 et
604 439 829 480 paraphrastes
841 444 927 471 recte
941 439 1086 480 explicat,
1098 437 1162 480 περὶ
1176 439 1207 471 ὀὶ
1219 439 1272 471 τοῦ
1288 439 1321 471 τί

165 496 272 540 ἐστινὴ
295 495 469 540 εὖὸαιμσνία,
493 502 526 528 et
548 495 736 527 Aristoteles
759 495 844 526 dicet
858 494 938 526 infra
960 506 987 527 c.
1013 497 1048 533 7,
1074 495 1103 536 ξ.
1129 496 1158 528 1.
1183 492 1268 527 πάλιν
1291 492 1315 526 ὸ’

164 555 360 595 ἐπανέλθωμεν
390 551 434 584 ἐπὶ
466 549 498 583 τὸ
525 547 688 592 ζητούμενον
719 547 849 591 ἀγαθὸν,
882 549 919 582 τί
945 547 1015 582 ποτ’
1046 546 1078 582 ἂν
1107 549 1160 592 εἴη.
1210 551 1315 593 Atque

163 611 242 642 adeo
272 619 398 651 prorsus
423 618 486 639 non
511 606 781 638 exstare-videtur
799 606 860 637 ista
883 606 1058 638 differentia
1077 619 1095 639 a
1117 607 1191 639 viris
1212 607 1315 639 doctis

163 667 193 697 in
227 665 330 696 medio
365 663 548 705 proposita3
589 662 706 694 etenim
736 661 776 701 τίς
807 662 869 693 ἐστι
903 662 979 693 nihil
1009 663 1091 694 aliud
1119 668 1186 700 est,
1221 674 1314 704 quam

163 720 348 753 vocabulum
384 719 488 750 minus
525 718 667 749 solemne
705 728 763 759 pro
798 717 829 748 τί
860 718 921 749 ἐστι
956 719 1005 750 vel
1041 715 1073 750 τὸ
1109 718 1140 750 τί
1172 713 1203 760 ἦν
1236 717 1314 750 εἶναι.

164 778 301 819 Optimo
322 781 426 808 autem
447 776 517 817 jure
530 774 717 806 Aristoteles
733 773 887 806 vocabulo
906 774 1008 806 minus
1023 774 1156 806 solemni
1174 775 1315 807 hocloco

162 833 278 871 utitur,
307 844 368 874 quo
391 831 474 873 vulgi
504 829 670 871 opiniones
695 830 734 861 de
758 841 883 862 summo
907 830 992 862 bono
1017 831 1217 872 expositurus
1248 836 1314 870 est;

161 889 214 921 ubi
238 899 312 921 vero
341 899 429 919 suam
459 886 710 928 philosophicam
733 885 935 918 beatitudinis
959 886 1176 918 definitionem
1206 897 1315 929 aggre-

163 945 263 983 ditur,
288 944 364 976 dicit
387 942 425 975 τί
445 939 512 974 ποτ’
538 937 570 973 ἂν
593 939 646 983 εἴη.
672 942 875 984 Quapropter
897 943 1054 984 vulgatam
1077 953 1140 974 non
1165 949 1262 974 muto.

250 1001 278 1041 ξ.
303 999 334 1033 3.
380 995 487 1040 ἡὸονὴν,
511 996 643 1036 πλοῦτον,
666 995 757 1040 τιμήν)
782 998 946 1030 Praeclare
959 998 1038 1030 vidit
1051 998 1250 1037 Aristoteles,
1275 1009 1313 1030 ex

162 1056 394 1098 comparatione
417 1059 449 1086 et
468 1054 656 1095 pensatione
680 1054 788 1085 finium
812 1054 1085 1092 secundariorum,
1116 1065 1195 1095 quos
1219 1054 1313 1086 etiam

163 1109 277 1149 πρακτσῖ
300 1108 403 1152 ἀγαθά
426 1110 568 1141 nominat
592 1110 674 1151 (vide
697 1121 791 1151 supra
815 1110 853 1141 ad
870 1122 897 1142 c.
915 1111 946 1149 2,
971 1111 998 1152 ξ.
1019 1111 1047 1149 1,
1071 1116 1104 1142 et
1126 1111 1153 1152 ξ.
1174 1111 1187 1143 1
1215 1110 1314 1142 nostri

162 1167 294 1209 capitis),
319 1167 432 1198 summi
455 1166 526 1198 finis
549 1171 693 1198 naturam
718 1166 804 1198 nasci
827 1171 860 1198 et
883 1166 951 1198 elici
975 1177 1080 1207 posse.
1117 1167 1213 1198 Fines
1229 1167 1314 1198 enim

161 1223 204 1254 illi
227 1228 301 1255 sunt
323 1223 480 1254 naturales
510 1222 673 1254 hominum
697 1222 874 1264 appetitus,
907 1222 959 1264 qui
982 1223 1021 1254 ad
1044 1223 1198 1254 rationem
1221 1233 1313 1254 revo-

162 1279 222 1311 cati
255 1279 429 1320 rationique
467 1277 599 1319 subjecti
639 1278 779 1310 efficiunt
815 1289 973 1309 summum
1014 1278 1133 1310 bonum
1170 1283 1201 1310 et
1238 1278 1314 1310 boni

162 1335 299 1366 diversas
323 1334 444 1375 species
468 1333 534 1365 sive
550 1334 701 1374 virtutes;
722 1339 757 1366 ut
780 1334 811 1365 in
836 1333 1039 1376 sequentibus
1063 1334 1196 1366 lucidius
1214 1345 1312 1376 appa-

161 1390 251 1422 rebit.
275 1410 317 1416 -—
348 1388 419 1430 ἔνιοι)
454 1389 594 1431 Intellige
618 1390 815 1429 Platonicos,
845 1390 885 1421 de
916 1401 1048 1431 quorum
1079 1390 1228 1432 opinione
1257 1401 1311 1422 co-

160 1445 278 1486 piosius
302 1457 328 1477 c.
353 1446 383 1479 6.
408 1445 597 1486 disputabit:
629 1438 703 1478 ἄλλο
726 1459 753 1478 τι
776 1442 844 1478 καθ’
877 1442 951 1477 αὑτό
981 1451 1031 1477 est
1060 1446 1130 1478 idea
1153 1446 1204 1477 illa
1227 1446 1312 1484 boni,

161 1501 292 1532 seorsim
316 1512 333 1532 a
356 1501 468 1533 ceteris
492 1501 601 1539 bonis,
634 1501 741 1533 nescio
765 1501 834 1540 ubi,
861 1501 1016 1532 habitans.
1043 1520 1081 1525 —
1114 1504 1202 1539 τοῖςὸε
1227 1502 1313 1533 πᾶσιν

162 1554 249 1587 αἴτιόν
280 1556 341 1588 ἔστι
364 1557 415 1588 τοῦ
438 1555 506 1588 εἶναι
536 1553 650 1597 ἀγαθά)
683 1557 892 1595 Cardwellu8‚
917 1556 974 1595 Kb,
1005 1556 1074 1589 Mb:
1106 1554 1216 1595 τούτοις
1239 1557 1311 1589 πᾶσι

163 1611 213 1642 τοῦ
235 1610 301 1642 εἶναι
326 1609 427 1652 ἀγαθαὶ
450 1610 538 1643 αἴτιόν
563 1612 646 1644 ἐστιν.

251 1667 278 1707 ξ.
303 1666 333 1697 4.
373 1665 462 1698 ἱκανὸν
486 1667 532 1705 ὁέ)
557 1669 647 1700 Duae
672 1674 746 1700 sunt
762 1680 884 1707 causae,
910 1681 964 1702 cur
980 1670 1161 1712 opinionem
1178 1669 1312 1711 aliquam

162 1722 392 1763 perpendamus
416 1728 448 1753 et
463 1724 644 1762 refutemus,
665 1730 720 1756 aut
734 1725 807 1767 quia
822 1737 840 1757 a
855 1737 970 1768 magno
994 1725 1156 1757 hominum
1180 1736 1312 1757 numero

163 1777 338 1808 defenditur
363 1775 423 1817 (ταὶ
446 1776 573 1818 μάλιστα
600 1778 853 1821 ἐπιπολαζούσας),
878 1786 932 1813 aut
947 1781 1019 1823 quia
1039 1792 1095 1812 sua
1117 1780 1239 1812 ratione
1256 1781 1312 1813 niti

162 1832 230 1874 ipsa
251 1832 375 1864 videtur
405 1831 554 1873 (ὸοκετῖσας
586 1833 657 1875 ἔχειν
687 1834 746 1868 moi
777 1834 890 1878 λόγον);
918 1848 1051 1879 quorum
1079 1837 1211 1868 alterum
1234 1848 1311 1869 con-

162 1887 254 1930 tingit
268 1888 349 1930 vulgi
365 1888 576 1930 opinionibus,
597 1901 672 1931 quas
689 1893 865 1933 proposuit,
888 1893 1020 1924 alterum
1035 1892 1178 1925 Platonis
1193 1892 1311 1925 doctri-

161 1954 230 1975 nae.
276 1944 366 1976 Hanc
389 1944 481 1986 igitur
503 1945 606 1986 capite
629 1945 667 1983 6,
691 1947 758 1978 illas
783 1949 884 1990 capite
908 1948 938 1980 5.
961 1949 1151 1980 refutaturus
1174 1953 1234 1980 est.

250 2000 278 2040 ᾗ.
305 2001 336 2032 5.
383 1996 441 2031 ἀπὸ
471 2000 523 2031 τῶν
553 1997 661 2040 ἀρχῶν)
701 2002 869 2043 Duplicem
898 2004 983 2036 illam
1014 2003 1199 2036 methodum
1233 2003 1311 2036 infra

162 2055 230 2093 (Vl,
255 2066 282 2087 c.
307 2054 342 2094 3,
367 2056 395 2097 ξ.
420 2055 502 2095 2-3)
533 2055 632 2087 fusius
657 2057 838 2097 explicabit,
869 2070 984 2101 nempe
1007 2059 1311 2092 demonstrationem

162 2106 326 2150 (ἀπόδειξιν)
357 2117 389 2142 et
415 2110 629 2143 inductionem
655 2111 841 2153 (ἐπαγωγήν),
873 2126 950 2156 quas
974 2115 1069 2147 hodie
1100 2115 1311 2157 syntheticam
