1439 2342
474 53 546 80 Libri
568 53 587 80 1.
628 54 694 89 Cap.
717 53 752 80 v1
775 53 842 87 (lv).
1187 49 1234 86 43

77 162 266 195 Aristotele:
304 162 383 197 Quia
405 163 438 194 in
453 162 703 203 praecedentibus
725 162 762 193 de
783 161 863 192 amm·
885 161 959 192 bono
981 160 1094 191 locum
1115 170 1181 191 sum
1203 162 1235 192 iu

78 221 265 257 universum,
295 218 370 249 bona
393 220 490 249 autem
518 219 552 249 in
575 218 633 249 dno
658 227 773 259 genera
796 217 892 248 dividi
920 218 1040 256 oportet.
1086 215 1180 248 Hunc
1203 216 1235 247 in

79 275 210 306 modum
233 273 391 305 Victorius
416 272 510 304 vertit
533 278 565 304 et
589 273 732 314 explicat,
757 271 846 314 quasi
870 271 998 303 abesset
1019 268 1069 313 μή,
1093 272 1236 313 quamvis

79 331 111 362 in
141 336 263 362 textum
298 329 498 370 negationem
530 329 714 369 recepisset.
772 328 803 368 2)
835 328 918 359 Cum
946 324 1001 368 μήτ
1040 328 1068 367 a)
1101 327 1236 368 εἰρῆσθαι

79 387 120 418 de
147 386 291 418 Platone.
344 384 390 414 Ita
420 384 596 425 Giphanius
628 383 845 424 accipiendum
879 383 1002 423 putavit
1030 382 1091 414 hoc
1122 383 1236 415 modo:

79 441 288 481 „Occurritur
317 440 400 472 enim
430 439 593 471 Aristoteli
621 451 638 470 a
665 438 854 476 Platonicis,
885 437 1132 478 disputationem
1164 441 1239 479 (seu

78 495 195 538 λόγους)
230 496 373 528 Platonis
409 506 474 527 non
504 496 548 527 ita
581 495 704 526 infinite
734 493 950 535 accipiendam
981 505 1052 525 esse
1082 494 1121 525 de
1152 495 1238 525 omni

80 554 182 591 bono,
213 553 270 584 sed
300 553 349 584 de·
369 557 455 584 certo
487 552 640 583 duntaxat
669 551 826 582 bonorum
854 560 980 591 genere.
1033 550 1125 581 Plato
1155 550 1238 581 enim

71 609 182 649 ideam
213 619 278 640 non
306 608 446 649 ponebat
476 609 508 639 in
538 607 647 645 bonis,
681 618 761 648 quae
788 610 918 648 propter
948 605 1033 636 aliud
1063 610 1154 644 sunt,
1183 606 1240 638 sed

81 665 112 696 in
136 665 173 695 iis
198 670 333 702 tanturn,
358 675 437 705 quae
461 669 592 705 propter
615 673 660 694 se.
707 662 826 703 ltaque,
851 672 930 703 quae
954 661 1108 693 hactenus
1131 662 1240 703 dispu-

81 721 160 752 tavit
191 721 380 752 Aristoteles
419 720 568 751 adversus
600 719 676 750 boni
710 718 828 755 ideam,
867 728 932 748 non
964 722 1111 748 evertunt
1137 717 1241 748 omni-

83 777 178 808 modo
203 776 344 808 Platonis
374 775 582 812 sententiam,
613 774 665 816 qui
696 779 729 804 et
753 773 821 814 ipse
851 772 913 804 hoc
941 773 1107 812 fateretur,
1138 773 1240 804 diver-

82 844 189 865 sorum
212 832 386 870 bonorum,
416 842 532 871 nempe
555 836 620 861 tam
644 833 774 871 propter
798 839 848 866 se,
878 839 970 870 quam
994 833 1125 870 propter
1147 829 1241 867 aliud,

82 900 147 920 non
170 899 242 920 esse
264 899 464 920 communem
483 887 603 924 ideam,
633 886 689 917 sed
715 896 822 917 eorum
843 889 984 923 tantum,
1010 896 1090 926 quae
1112 890 1243 926 propter

83 947 152 977 se.“
183 944 214 984 b)
231 943 370 984 εἰρῆσθαι
386 944 426 975 de
437 943 609 974 Aristotele
626 952 715 973 suam
733 941 831 982 ipsius
849 941 1025 971 orationem
1041 940 1131 982 quasi
1146 940 1242 971 corri-

83 1005 195 1042 gente,
231 1001 316 1041 quod
347 1011 412 1030 non
443 999 608 1040 speciatim
638 996 816 1028 distinxerit
845 996 929 1027 bona
958 1007 1015 1037 per
1039 1007 1074 1028 se
1105 1002 1137 1028 et
1160 996 1244 1028 bona

83 1061 213 1098 propter
237 1056 330 1087 aliud.
376 1055 422 1086 Ita
445 1054 620 1086 Lambinus
645 1058 677 1084 et
699 1053 881 1093 Zwingerus
910 1056 1116 1093 acceperunt,
1146 1053 1243 1084 Para-

84 1113 235 1154 phrasten
258 1111 377 1143 secuti:
413 1110 525 1152 ἐροῦμεν
549 1109 580 1141 δὲ
604 1107 645 1141 ’ἔτι
668 1107 732 1149 περὶ
755 1108 807 1140 τοῦ
830 1105 948 1148 ἀγαθοῦ
971 1104 1182 1150 ἀκριβέστερον.
1206 1107 1244 1140 w}

84 1165 140 1208 γάρ
171 1167 300 1209 εἰρημένα
331 1169 422 1198 ὁεῖται
450 1163 520 1204 τινὸς
548 1163 701 1206 ἐξετάσεως
731 1162 779 1196 καὶ
809 1161 952 1204 ἀκριβείας
982 1160 1031 1195 dmi
1054 1161 1088 1195 τὸ
1111 1161 1150 1206 μὴ
1180 1162 1244 1204 περὶ

87 1221 188 1262 παντές
212 1221 329 1264 ἇγαὲσῧ
357 1220 434 1254 κατεῖ
462 1221 544 1264 μέρος
566 1221 703 1262 εἰρῆσθαι
732 1217 796 1259 τούς
826 1216 935 1261 λόγους.
966 1218 1007 1251 νῦν
1040 1219 1071 1250 δὲ
1101 1217 1245 1259 (διελόντες,

86 1277 285 1320 ἀκριβέστερον
315 1277 469 1320 ποιήσεμεν
498 1275 545 1308 ‘sev
571 1275 663 1318 λόγον.
717 1277 771 1308 Sic
801 1282 833 1308 et
862 1276 1060 1308 Eustratius:
1098 1289 1245 1317 συγκεχυ-

86 1335 170 1377 μένως
206 1333 253 1366 καὶ
284 1331 382 1373 ἁπλῶς
413 1334 500 1376 μέχρι
530 1333 571 1365 νῦν
601 1332 665 1374 περὶ
696 1334 747 1365 τῶν
779 1330 899 1374 ἇγαὲπῶν
935 1328 949 1362 ὁ
979 1329 1062 1372 λόγος
1091 1331 1245 1373 γεγένηται.

87 1392 171 1423 Mira
193 1392 319 1423 fortuna
341 1402 453 1423 sensus
460 1414 470 1429 ,
503 1390 614 1432 quovis
644 1390 740 1421 modo
770 1390 856 1431 legas
889 1393 1074 1429 textumque
1098 1389 1246 1428 explices,

88 1459 214 1489 semper
225 1448 308 1478 idem
323 1453 383 1478 est.
408 1447 472 1479 Sed
487 1458 558 1478 cum
571 1444 611 1488 μή
627 1446 768 1477 omnium
784 1446 850 1477 fere
865 1444 1009 1476 codicum
1022 1455 1182 1475 consensu
1192 1445 1246 1475 fir-

87 1510 208 1542 metur,
232 1504 287 1534 πεῖν
312 1500 422 1543 abab&
446 1503 553 1545 potius
576 1504 695 1543 sinyzala
718 1503 803 1539 bona,
829 1512 923 1542 quam
945 1502 1119 1532 universum
1142 1501 1248 1532 bomem

88 1559 254 1601 significet,
279 1566 311 1590 et
327 1559 563 1590 distinctionem
588 1569 684 1598 supra
707 1557 885 1598 expositam
898 1556 990 1587 Plato
1007 1566 1072 1586 non
1096 1556 1246 1594 attulerit,

89 1621 218 1657 quartae
241 1615 443 1655 explicationi
472 1614 736 1655 acquiescendum
765 1618 854 1653 puto.
901 1613 997 1643 Verte
1020 1611 1131 1652 igitur:
1170 1612 1248 1647 Quia

90 1673 122 1703 in
144 1673 195 1710 iis,
220 1682 294 1711 quae
324 1672 360 1702 de
381 1672 514 1702 Platonis
536 1672 604 1701 idea
627 1671 705 1707 dicei,
729 1680 787 1700 mm
810 1669 944 1708 singulas
971 1668 1112 1698 bonorum
1135 1669 1250 1708 &ecies

90 1729 227 1759 distinoei.
273 1726 422 1768 Elicio-&cn
447 1727 542 1757 etiam
566 1725 714 1762 omnino,
745 1730 780 1755 ut
802 1723 958 1764 λέγεσθαι,
989 1723 1074 1764 quod
1098 1723 1247 1764 sequitur,

90 1783 254 1814 indefinite
277 1783 376 1824 accipi
399 1788 517 1823 potest,
541 1793 598 1823 pro
621 1781 789 1813 vernaculo
811 1791 895 1816 mam
919 1789 1051 1819 nempe:
1078 1779 1157 1814 Quia
1179 1780 1249 1810 idea

90 1851 148 1871 mm
177 1841 213 1870 de
242 1841 376 1870 omnibus
412 1840 539 1879 sinyulis
574 1840 657 1869 bonis
683 1838 841 1878 proposita
868 1839 928 1874 est,
965 1835 1031 1866 sive
1065 1835 1157 1866 Plato
1188 1835 1249 1866 hoc

91 1895 252 1930 statuerit,
278 1895 344 1926 sive
366 1906 442 1926 non.
491 1895 597 1927 Quam
621 1893 861 1934 explicationem
885 1892 1052 1922 confirmat
1072 1890 1144 1921 finis
1162 1890 1189 1931 ξ.
1209 1891 1246 1923 9:

91 1948 272 1992 σκεψώμεθα
296 1950 321 1982 εἰ
341 1951 453 1992 λέγεται
476 1948 552 1981 και-ἂ
576 1949 641 1991 μίαν
664 1949 754 1987 May,
785 1948 838 1980 ubi
860 1940 1002 1979 Platonis
1027 1946 1161 1984 oblitus,
1191 1956 1249 1987 per

92 2019 127 2040 se
149 2018 216 2039 rem
239 2012 375 2038 tractare
396 2006 543 2038 instituit.

182 2063 210 2104 ξ.
242 2063 292 2095 10.
340 2057 405 2100 dign-s
435 2060 555 2104 μάταιε»-
587 2060 669 2094 ἔσται
698 2059 732 2092 τὸ
761 2059 844 2101 εἶδος)
880 2061 950 2092 Nec
979 2058 1112 2090 ironiam
1144 2057 1248 2096 video,

94 2130 187 2161 quam
216 2119 395 2150 Eustratius
427 2118 612 2158 somniavit3
646 2129 705 2149 nec
732 2117 814 2149 ullus
837 2117 1044 2157 interpretum
1075 2112 1247 2156 perspexit,
