1439 2342
492 68 565 95 Libri
586 69 632 96 lx.
672 69 738 105 Cap.
758 70 780 96 1.
1176 66 1250 103 285

93 173 299 216 sequentibus
322 186 450 217 prorsus
476 187 538 208 non
564 177 722 209 cohaeret.
776 178 942 210 Postremo
976 177 1102 209 Graeca
1129 176 1250 209 Mureti

93 230 283 262 sententiam
308 231 400 272 plane
424 243 487 263 non
514 233 698 265 admittunt.

183 286 210 328 ξ.
235 287 266 318 8.
311 286 450 329 γίγνηται)
475 289 642 329 Vulgatam
664 288 785 330 γίγνεται
812 289 1004 322 Cardwellus
1029 293 1062 320 et
1086 288 1249 321 Bekkerus

93 352 132 374 ex
161 342 216 382 H‘,
247 340 305 382 Kb,
334 342 396 383 Mb,
420 343 477 382 N'',
511 344 729 376 Wilkinsonus
763 345 830 377 sine
861 351 936 377 nota
971 345 1086 383 critica,
1132 344 1250 376 Zellius

93 403 204 430 contra
227 409 303 430 suos
327 400 463 432 codices.
488 400 664 432 Nobiscum
689 402 808 433 faciunt
831 407 956 443 praeter
972 407 1107 444 quatuor
1123 400 1249 432 codices

93 454 154 485 Ald
178 460 211 486 et
233 456 370 487 Ven.—
394 457 431 488 δι’
449 452 563 496 αὑτούς)
590 457 832 498 paraphrastes:
859 458 883 488 οἱ
899 457 946 500 μὲν
963 453 1134 497 ὠφελοῦντες
1151 455 1250 496 φίλους

93 511 130 542 δι’
144 505 255 549 αὑτούς.
268 530 312 535 —
325 508 498 553 οἷνέγκλητοί
510 511 587 552 εἰσιν)
601 523 663 544 om.
677 512 731 544 εἶα-ι
744 513 980 554 paraphrastes,
991 513 1061 551 Par,
1075 513 1250 544 Bekkerus.

182 567 211 608 ᾧ.
237 568 267 600 9.
315 563 388 599 οὕτω
413 565 437 599 δ’
471 566 551 607 ἔοικε)
583 568 725 610 Intellige
756 580 826 600 cum
856 569 1056 611 Argyropylo
1080 580 1097 600 e
1121 580 1249 610 praece-

93 622 240 655 dentibus
278 624 419 666 ποιητέον.
451 643 494 647 —-
520 620 551 655 τὸ
583 621 770 666 ἐνδεχόμενον)
803 625 940 657 Coraes:
972 621 1005 656 τὸ
1032 621 1108 656 notro?
1138 621 1250 667 δύναμιν

92 679 148 718 (cf.
174 690 260 720 supr.
284 680 363 718 VIII,
386 692 413 712 c.
444 681 491 718 14,
516 680 542 721 ξ.
569 681 615 718 5).

184 736 211 777 ᾧ.
240 736 290 767 10.
338 732 444 778 ἀμφοῖν
468 735 619 776 δοκοῦσαν)
650 736 721 774 Par,
744 736 936 768 Cardwellus
962 742 994 768 et
1018 736 1181 768 Bekkerus
1199 738 1250 768 δο-

93 790 198 822 κοῦσαν
214 788 320 834 οἷμφοΐν
333 793 508 824 secundum
535 804 610 824 suos
636 793 772 832 codices,
797 798 931 834 excepto
948 792 1010 831 Mb,
1036 793 1087 834 qui
1112 792 1251 824 δοκοῦσαν

94 847 222 880 omittit.
247 866 290 870 -—-
325 844 476 889 ἀναγκαῖον
506 847 583 888 εἶναι)
616 847 684 880 εἶναι
716 860 778 880 om.
809 849 984 881 Bekkerus.
1015 867 1059 872 ·-
1087 845 1134 879 τόν
1163 848 1252 889 προέ-

93 904 195 944 χοντα)
222 904 292 942 Est,
317 904 370 946 qui
394 905 478 946 prior
501 905 634 946 accepit,
660 916 754 946 supra
780 905 820 946 (ξ.
835 905 870 946 6)
897 901 1081 946 ὄπρολαβών
1101 910 1249 936 vocatus:

93 964 142 998 et,
174 965 296 992 mutato
322 961 464 1002 subjecto
495 961 581 999 (vide
607 972 692 1002 supr.
718 961 757 992 ad
782 961 860 999 VIII,
885 973 912 993 c.
939 961 990 999 13,
1016 962 1044 1002 ξ.
1070 961 1138 999 11),
1172 957 1251 992 ἄντι-

93 1013 189 1054 λοιβών
213 1022 272 1055 est,
298 1017 350 1059 qui
376 1018 461 1058 prior
491 1017 594 1055 dedit;
627 1017 885 1059 desideraturque
916 1029 933 1048 a
960 1017 1059 1049 Zellio
1089 1022 1120 1049 et
1149 1017 1251 1048 Corae

95 1072 242 1104 articulus
274 1084 368 1114 saepe
401 1073 564 1104 Aristoteli
593 1073 764 1114 neglectus.
811 1074 865 1105 Sic
901 1074 1096 1104 Eustratius:
1135 1068 1167 1104 οἲν
1195 1069 1250 1113 γοῖρ

94 1122 149 1159 ἶσα
182 1122 277 1167 οὗτος,
303 1127 404 1171 φησὶν,
436 1125 449 1160 ὃ
475 1126 627 1169 προλαβών
652 1126 810 1171 ὠφέληται,
840 1128 969 1161 τοσαῦτα
994 1126 1137 1170 οἷνοιλόγως
1172 1126 1250 1172 λάβῃ

92 1180 106 1215 ὅ
139 1182 335 1225 προδεδωκὼς,
362 1184 416 1226 ἕξει
441 1183 490 1226 τὴν
515 1183 655 1217 ἀντίδοσιν
679 1182 770 1226 οἷξιάν.
819 1187 887 1218 Nec
912 1186 1001 1217 aliter
1031 1186 1119 1217 Iocus
1152 1184 1251 1226 accipi

30 1265 50 1274 r
95 1244 220 1282 potest,
252 1241 402 1283 quidquid
436 1242 525 1273 affert
555 1242 752 1279 Eustratius,
785 1242 837 1283 qui
874 1241 1036 1282 προέχοντα
1069 1246 1101 1273 et
1137 1241 1176 1271 de
1202 1251 1251 1278 eo,

96 1297 149 1338 qui
172 1297 270 1335 dedit,
294 1298 424 1338 intelligi
448 1308 543 1338 posse
576 1298 756 1329 contendit:
788 1296 834 1329 τὲν
864 1297 1023 1340 προϊέμενον
1053 1293 1101 1328 ὁιοῖ
1133 1293 1165 1327 τὸ
1196 1293 1252 1336 πρὸ

95 1352 146 1384 τοῦ
169 1352 264 1385 δοῦναι
289 1351 361 1394 ἔχειν
386 1347 400 1384 3
424 1354 554 1385 δέδωκεν.
604 1354 800 1395 Legentibus
832 1351 878 1384 τὸν
903 1353 1079 1394 παρέχοντα,
1110 1358 1146 1384 ut
1169 1353 1249 1392 Ven,

96 1420 172 1441 sane
196 1410 272 1441 haec
297 1410 394 1441 altera
417 1410 652 1452 interpretatio,
684 1422 764 1452 quae
790 1410 818 1441 in
845 1421 922 1442 voce
947 1404 1026 1448 οὗτος
1050 1414 1153 1441 mutat
1176 1408 1252 1440 sub-

88 1465 211 1507 jectum
245 1472 277 1497 et
313 1467 343 1497 in
375 1477 453 1498 voce
485 1463 642 1505 ἀντιλοιβών
677 1467 716 1498 ad
744 1467 831 1508 prius
860 1466 1035 1508 subjectum
1061 1462 1152 1504 redit,
1178 1476 1252 1507 pro-

95 1521 199 1553 banda
224 1528 282 1554 est.
320 1523 384 1554 Sed
420 1523 581 1565 quomodo
606 1516 685 1561 οὗτος
719 1522 804 1554 aliud
835 1534 904 1554 esse
935 1522 1037 1564 possit
1073 1521 1252 1563 subjectum

96 1589 189 1620 quam
214 1575 260 1610 τὸν
274 1579 450 1620 παρέχοντα,
475 1591 538 1611 non
554 1580 663 1610 video:
689 1584 720 1610 et
745 1579 770 1610 si
795 1584 843 1611 est
860 1579 954 1617 idem,
973 1579 1146 1620 quomodo,
1166 1578 1252 1620 quod

96 1635 238 1677 sequitur
262 1631 328 1666 ὀὀ-ον
349 1632 404 1675 γάρ
430 1630 510 1673 οὗτος
535 1632 688 1677 ὠφελήθη,
713 1635 802 1666 aliter
825 1635 956 1676 intelligi
981 1635 1083 1676 possit
1108 1645 1200 1676 quam
1215 1634 1253 1666 de

96 1701 134 1722 eo
156 1691 209 1733 qui
232 1691 318 1732 prior
342 1692 472 1733 accepit.
521 1691 666 1733 Denique
691 1691 757 1722 aliis
781 1691 860 1722 Iocis
888 1691 1031 1722 similiter
1062 1690 1148 1732 prior
1171 1690 1253 1722 acci-

95 1746 186 1788 piens
217 1748 352 1789 pretium
385 1748 578 1779 constit-uere
615 1747 730 1778 debere
761 1747 873 1778 dicitur
905 1747 957 1785 (cf.
989 1757 1074 1788 supr.
1106 1747 1133 1787 ᾧ.
1167 1745 1197 1784 6,
1223 1750 1255 1777 et

95 1803 165 1835 infr.
190 1804 217 1845 ᾧ.
246 1804 301 1842 11;
327 1810 359 1835 et
383 1804 468 1841 VIII,
494 1815 519 1835 e.
550 1804 605 1841 13,
632 1803 659 1844 ᾧ.
689 1803 753 1841 ll).
778 1822 821 1826 —
846 1803 871 1834 ἐν
900 1805 958 1841 τοῖς
989 1799 1084 1842 ὠνίοις)
1119 1803 1254 1833 Eustra-

96 1859 175 1891 tius:
207 1856 299 1902 ὅγοῖρ
332 1857 478 1902 ὠνούμενος
508 1857 555 1890 καὶ
580 1859 604 1890 ἐν
635 1856 760 1898 τούτοις,
794 1855 857 1891 ἀλλ’
889 1855 946 1899 οὐχ
977 1855 990 1889 ὃ
1022 1858 1124 1890 πωλῶν
1155 1855 1254 1889 τάττει

98 1912 145 1958 τὴν
169 1915 220 1948 τοῦ
244 1913 322 1948 ὠνίου
346 1913 437 1959 τιμήν·
463 1912 477 1947 ὁ
501 1912 554 1956 γοὶρ
581 1913 750 1955 πιπράσκων
775 1914 858 1946 πλέον
883 1911 928 1946 de}
952 1914 1084 1956 ἐπιζητεῖ
1096 1914 1143 1956 τῆς
1161 1911 1254 1955 οἷξίας,

86 1968 112 2016 ’ὃ
136 1969 310 2015 δ’(ἰνούμενος
334 1971 470 2004 τοσοῦτον
501 1970 634 2009 δίδωσιν,
665 1965 730 2002 Zcov
760 1965 792 2002 οἲν
825 1968 914 2002 οἴεται
943 1970 1077 2011 γενέσθαι
1115 1967 1164 2011 τὴν
1193 1966 1254 2002 ἀπὸ

97 2028 148 2060 τοῦ
169 2026 247 2060 ὠνίου
272 2026 418 2068 ὠφέλειαν.
465 2028 517 2059 Sic
541 2034 573 2059 et
596 2018 835 2069 paraphrastes.
882 2027 958 2058 Inde
981 2027 1027 2066 fit,
1052 2031 1087 2057 ut
1117 2026 1254 2067 pretium

96 2096 201 2117 rerum
226 2085 383 2117 venalium
407 2085 540 2116 fluctuet
564 2094 699 2125 semper,
727 2089 823 2126 prout
845 2084 945 2126 major
969 2088 1023 2114 aut
1046 2082 1149 2113 minor
1172 2082 1255 2113 indi-

95 2142 201 2184 gentia
231 2142 405 2174 ementium
436 2145 502 2180 est;
534 2151 607 2171 nam
638 2139 812 2181 indigentia
847 2144 897 2170 est
933 2149 1083 2171 mensura
1114 2138 1256 2170 omnium
