1439 2342
164 48 208 81 16
442 49 618 73 Comum-ntur.
646 45 679 71 ud
700 45 807 70 Aristo«.
829 44 914 70 Euhie.
937 43 1040 69 Nicoui.

162 157 272 194 habet,
303 168 338 187 nc
363 160 444 186 sunt.
491 151 642 183 Eruditus
665 150 756 191 igitur
780 149 957 191 acceptabit
981 150 1160 190 scientiam,
1190 155 1226 181 ut
1249 155 1314 188 est;

162 212 214 244 ubi
238 209 432 243 necessariae
463 217 534 239 esse
564 216 627 237 non
660 210 794 246 possunt
825 205 1061 244 conclusiones,
1091 205 1315 238 necessitatem

163 278 225 298 non
249 263 442 306 efflagitabit.
489 261 596 303 Itaque
620 266 655 292 ut
678 259 809 292 scientia
833 265 918 292 recte
942 260 1041 302 accipi
1063 261 1182 302 possit,
1212 262 1315 294 sciens

162 328 194 354 et
211 321 350 358 scientia,
375 318 531 360 obJectum
556 322 588 348 et
611 315 797 357 subjectum,
820 326 917 346 unum
941 321 974 348 et
993 316 1076 348 idem
1100 327 1172 349 esse
1187 316 1314 349 debent.

163 377 322 408 Hactenus
347 375 377 406 in
402 374 580 405 universum
604 371 643 402 de
667 381 763 402 sensu
786 371 838 402 τοῦ
862 371 1091 414 πεπαιδευμένου.
1129 372 1314 405 Notandum

162 438 210 463 est
239 437 361 468 tamen,
399 426 443 460 τὸν
473 426 687 469 πεπαιὸευμένον
717 431 770 457 aut
801 426 841 458 ad
871 438 963 458 usum
993 433 1026 460 et
1054 428 1314 461 consuetudinem

161 488 244 519 vitae
267 486 412 524 (fmvnelle
427 485 581 524 Bildmzy),
607 488 661 513 aut
685 482 724 512 ad
748 482 912 514 scientiam
935 488 968 514 et
983 483 1159 516 doctrinam
1181 486 1315 522 (wissen-

161 543 335 583 schaflliclw
358 541 500 580 Bilduny)
523 538 628 570 referri
651 547 764 579 posse3
788 544 856 569 tum
879 539 904 569 οἱ
926 538 1070 579 χαρίεντες
1093 545 1126 572 et
1147 540 1315 582 praecipue

162 599 187 630 οἱ
203 596 314 639 κομψοί
326 596 365 627 de
388 595 490 636 priore
514 593 630 635 potius,
654 604 747 635 quam
763 593 803 625 de
819 594 996 635 posteriore
1012 595 1157 628 dicuntur
1173 596 1314 637 (gallicez

162 656 204 685 les
219 653 355 684 Ιιοηνιὲἰεε
368 653 464 691 qens),
489 649 514 680 οἱ
535 648 628 688 σοφοί
646 660 720 681 vero
737 649 776 681 de
792 650 977 691 posteriore.
1011 651 1047 682 In
1062 657 1196 694 utroque
1211 656 1315 684 autem

163 720 258 741 sensu
281 709 338 745 τοῖς
362 704 588 747 πεπαιδευμένοις
612 711 816 746 opponuntur
840 706 865 737 οἶ
888 705 1006 745 πολλοί,
1029 707 1080 740 vel
1102 704 1135 739 τὸ
1159 706 1284 750 πλῆθος.

251 764 278 804 ξ.
302 765 332 795 5.
379 758 446 793 καθ’
479 758 597 792 ἕκαστον
627 753 685 801 ἆρα
716 757 730 792 ὃ
754 761 986 804 πεπαιδευμένος)
1021 763 1072 794 Ad
1094 760 1162 796 καθ’
1187 761 1315 800 ἕκαστον,

162 826 196 851 ut
220 825 252 851 et
274 829 347 849 mox
371 818 410 848 ad
435 813 547 855 ἁπλῶς,
578 817 689 858 supple
711 815 793 857 κρίνει
816 817 920 856 καλῶς.
965 819 1045 850 Post
1068 815 1082 850 ὁ
1106 818 1315 861 supplendum

163 881 212 907 est
228 875 358 906 alterum
374 869 442 905 nai?
461 869 595 904 ἐ’καστονι
619 873 789 904 Secundum
810 884 881 914 erqo
903 876 1123 916 unumquodque
1146 876 1217 907 bene
1228 875 1316 914 judi-

162 934 211 963 cat
231 932 263 962 in
284 939 451 970 unoquoque
472 929 615 960 eruditas.
661 929 787 970 Nempe
808 934 845 961 ut
867 929 952 970 prius
975 927 1043 963 καθ’
1070 928 1188 962 ’ἕκαστον
1212 940 1314 972 oppo-

163 987 244 1018 nitur
274 985 314 1026 τῷ
339 981 451 1023 ἁπλῶς,
483 984 527 1015 sic
550 984 726 1025 posteriore
749 984 842 1016 nobis
866 996 946 1027 opus
974 991 1040 1025 est,
1071 986 1155 1028 quod
1186 986 1228 1028 τῷ
1252 984 1314 1027 περὶ

164 1042 218 1073 πέἴν
244 1052 450 1083 opponamus.
494 1039 581 1072 Quin
604 1039 712 1082 legunt
735 1037 750 1071 ὃ
773 1037 841 1073 καθ’
867 1038 986 1073 ἕκαστον
1010 1041 1224 1084 πεπαιδευμένος
1246 1041 1316 1074 libri

165 1097 299 1139 antiqui,
329 1101 411 1128 teste
435 1095 578 1134 Mureto,
606 1106 698 1136 quam
722 1096 891 1128 lectionem
915 1097 1035 1129 Coraes
1066 1097 1097 1129 in
1121 1103 1242 1130 textum
1265 1108 1314 1130 re-

165 1153 265 1194 cepit;
296 1158 328 1184 ct
357 1151 454 1183 habet
479 1150 722 1183 Casauboniana
746 1151 844 1183 editio
875 1152 906 1183 in
930 1153 1069 1195 margine
1097 1150 1165 1186 καθ’
1197 1151 1316 1185 ἕκαστον

164 1202 222 1248 ἄρα
247 1205 260 1239 ὃ
278 1207 343 1248 περί
364 1221 391 1239 τι
415 1206 639 1249 πεπαιὸευμένος,
664 1218 743 1249 quae
763 1207 860 1240 verba
876 1208 983 1240 addita
1005 1209 1133 1250 sapiunt
1147 1209 1315 1251 glossema.

164 1264 210 1295 lta
242 1263 325 1296 enim
356 1263 490 1304 explicat
513 1273 637 1305 quoque
659 1263 903 1304 paraphrastes:
940 1260 954 1295 ὃ
977 1263 1026 1306 μὲν
1056 1262 1079 1296 ἔν
1108 1278 1167 1297 τισι
1195 1267 1316 1307 μερικοῖς

166 1318 389 1361 πεπαιὸευμένες.
423 1319 495 1351 Jam
519 1319 895 1351 novam-distinctionem
919 1320 972 1351 τῶν
995 1320 1218 1362 πεπαιδευμένων
1240 1321 1316 1352 Phi-

163 1376 313 1417 losophus
330 1375 435 1406 affert:
460 1370 474 1405 ὃ
497 1370 565 1406 καθ’
583 1372 701 1406 ἕκαστον
723 1375 938 1418 πεπαιδευμένος
962 1381 995 1408 et
1014 1372 1028 1407 ὃ
1044 1374 1108 1416 περὶ
1132 1375 1188 1408 πᾶν
1207 1389 1316 1408 πεπαι-

165 1431 298 1473 δευμένος.
344 1431 387 1462 Et
409 1430 635 1462 dubitationem
659 1431 810 1472 proponit
837 1431 899 1463 hoc
921 1432 991 1463 loco
1014 1432 1211 1472 Eustratius,
1241 1444 1315 1464 num

164 1487 265 1527 possit
287 1497 367 1517 unus
391 1496 462 1517 esse
486 1486 606 1527 aliquis,
631 1487 683 1528 qui
706 1492 791 1518 recte
814 1486 921 1518 onmia
943 1487 1032 1527 sciat,
1057 1494 1089 1520 et
1110 1493 1195 1520 recte
1211 1488 1316 1520 omnia

165 1547 257 1583 queat
274 1542 424 1583 judicare.
472 1542 557 1573 Dicit
581 1541 682 1583 igitur,
707 1542 823 1584 fingere
846 1543 908 1575 hoc
932 1543 1002 1575 loco
1025 1544 1229 1576 Aristotelem
1252 1544 1315 1575 for-

164 1603 248 1628 tasse
271 1597 429 1628 hominem
453 1597 678 1636 universalem,
712 1598 763 1640 qui
785 1598 828 1630 ita
851 1598 883 1630 in
906 1610 1092 1641 unaquaque
1120 1611 1153 1632 re
1177 1599 1316 1632 eruditus

165 1653 221 1690 sit,
252 1658 286 1682 ut
309 1652 420 1693 singuli
449 1652 480 1682 in
505 1653 648 1694 singulis,
681 1665 774 1696 quem
804 1659 910 1686 tamen
939 1655 1075 1696 reperire
1105 1656 1191 1687 nullo
1220 1656 1315 1687 modo

165 1707 332 1748 possimus.
379 1707 442 1738 Sed
467 1718 530 1738 non
553 1709 630 1740 vidit
653 1709 851 1748 Eustratius,
874 1711 1082 1742 universalem
1105 1711 1191 1743 illum
1214 1712 1315 1743 homi-

165 1773 237 1794 nem
268 1762 307 1793 ab
331 1762 500 1793 Aristotele
530 1763 599 1803 ipso
628 1764 658 1795 in
683 1765 912 1807 Metaphysicis
937 1767 980 1805 (Ι,
1004 1767 1040 1805 2)
1065 1766 1237 1809 designari3
1267 1773 1317 1799 est

165 1818 247 1849 enirn
272 1817 488 1858 philosophus,
513 1818 563 1858 qui
580 1819 742 1851 scientiam
765 1821 910 1862 possidet
932 1822 1066 1855 maxime
1090 1823 1314 1855 universalem:

168 1870 402 1914 υπσλαμβάνομει
427 1869 462 1912 ὀὴ
488 1872 596 1912 πρῶτοι
619 1874 651 1915 μὶ
656 1889 666 1905 ν
690 1875 871 1909 ἐπίστασθαι
903 1891 995 1909 naim
1026 1875 1072 1909 τὸν
1096 1875 1187 1918 σοφὸν
1214 1892 1249 1917 ως
1273 1878 1315 1910 ε’)-

167 1929 294 1969 ὀέχετιιι,
317 1942 356 1970 μη
375 1924 443 1960 »κάτ’
469 1941 558 1959 εκαστ
562 1941 587 1959 εν
612 1927 718 1991 ἔχονταν
738 1930 895 1975 ἐπιστήμην
918 1946 1019 1971 αυτων,
1043 1940 1074 1965 et
1097 1944 1188 1965 mox:
1214 1947 1246 1965 το
1269 1933 1316 1975 μὲν

166 1982 259 2015 πάντα
284 1982 463 2015 ἐπίστασθαι
488 1983 528 2024 τῷ
549 1980 679 2026 μαλιστα
705 1983 787 2025 ἔχειτ
789 2002 797 2019 ι
821 2001 869 2029 τνν
892 1986 1023 2021 καόσλου
1047 1986 1204 2031 επιστήμην
1228 1985 1315 2029 οἰναγ-

166 2041 244 2070 καῖσν
275 2034 424 2078 ὑπάρχειν·
458 2033 537 2077 esu-03
567 2036 621 2079 γάρ
654 2038 729 2077 esde,
770 2042 826 2079 πῶς
857 2041 917 2083 ’ἔχει
950 2041 1040 2076 πάντα
1074 2041 1109 2075 τοὶ
1140 2040 1315 2086 ὑποκείμενα.

167 2094 335 2135 Distinguit
364 2094 454 2135 igitur
477 2094 662 2127 Aristoteles
688 2097 901 2138 πεπαιόειιμένον
927 2097 994 2139 πρός
1021 2113 1061 2137 τι,
1092 2106 1127 2131 ut
1149 2099 1315 2136 medicum,
