1439 2342
191 53 238 89 54
465 53 644 79 commentar.
666 50 699 77 nd
719 49 830 77 Aristot.
850 48 938 77 Ethic.
959 49 1063 76 Nicom.

193 162 373 195 felicitatem
403 159 530 196 volunt,
566 167 636 189 cum
666 157 752 188 solus
782 156 906 188 animus
940 156 972 188 in
1004 155 1132 188 homine
1166 155 1280 198 agendi
1306 156 1348 188 sit
1383 164 1386 191 7

194 216 390 259 principium.

285 271 312 312 ξ.
338 269 367 301 3.
415 262 502 306 οὕτως
525 265 592 309 γάρ)
621 267 801 299 Eustratius
824 267 918 309 plane
942 266 1184 309 explicationem
1206 272 1349 299 nostram

194 328 286 369 hujus
303 326 331 367 ξ.
349 324 444 356 modo
468 323 664 365 propositam
681 323 864 355 confirmat:
888 322 914 355 εἰ
933 319 987 364 γὰρ
1012 322 1141 364 ἐνέργειαι
1164 319 1213 354 καὶ
1234 320 1349 365 πράξεις
1384 346 1387 354 .

196 380 228 414 τὸ
257 381 352 419 τέλες,
383 379 476 412 πᾶα-αι
506 379 536 411 όὲ
569 379 598 410 αἱ
630 375 744 420 πράξεις
773 376 822 410 καὶ
851 378 980 420 ἐνέργειαι
1006 378 1059 411 τῶν
1083 376 1147 418 περὶ
1170 375 1285 421 ψυχὴν,
1316 375 1349 410 rei

198 438 275 475 τέλος
298 430 355 477 ἅμα
380 435 432 468 τῶν
455 433 519 477 περὶ
543 432 640 476 ψυχήν
663 430 792 475 ἀγαθῶν.

287 494 315 534 ξ.
339 493 370 525 4.
417 492 459 533 τῷ
481 488 570 532 λόγῳ)
598 491 618 521 i.
644 501 690 530 e.‚
713 495 749 522 ut
773 490 801 531 ξ.
829 491 857 528 1,
882 489 1023 522 definitio
1047 490 1151 532 capite
1175 491 1206 523 7.
1230 501 1351 532 propo-

199 550 269 581 sita.
293 569 336 574 —
361 541 391 579 εῧ
410 548 468 591 ζῇν)
494 547 543 578 Cf.
568 557 651 587 supr.
675 558 702 578 c.
720 545 750 585 4,
775 546 803 587 ξ.
821 546 859 579 2:
884 546 987 587 ipsum
1011 556 1127 578 nomen
1153 546 1214 587 (vel
1237 556 1352 578 secun-

199 606 271 636 dum
286 603 391 636 Schol.
408 604 478 634 Par.
496 603 579 643 apud
593 603 670 634 Zell.
694 599 742 633 καὶ
766 598 783 643 ἡ
806 598 882 643 κοινὴ
907 598 1054 643 ὁμολογία)
1082 613 1153 633 cum
1169 601 1352 634 definitione

199 659 350 700 congruit.
455 688 458 692 ,

287 715 315 755 ξ.
340 715 371 746 5.
419 714 511 755 (Cap.
542 713 607 754 IX.)
655 711 691 745 n?
727 710 940 754 ἐπιζητεῦμενα)
973 713 1002 744 Λ
1030 712 1113 754 vulgi
1140 711 1352 754 opinionibus,
1388 702 1397 714 Λ

199 781 277 813 quae
301 781 319 801 a
341 769 637 811 philosophantibus
663 780 727 800 non
751 768 952 810 propositae,
981 768 1036 799 sed
1059 774 1183 800 tantum
1205 774 1353 810 receptae

199 832 288 864 sunt,
318 825 358 856 ad
388 825 474 866 ipsas
504 825 694 866 sapientium
718 824 954 866 disquisitiones
977 823 1016 855 de
1045 824 1195 856 felicitate
1223 824 1354 862 transit;

199 888 232 914 et
259 882 334 914 licet
370 881 565 919 sententiae,
601 892 678 922 quas
714 880 1018 922 pronunciaverunt,
1054 891 1150 912 unam
1186 880 1354 912 alteramve
1384 876 1387 890 ³

199 943 322 969 tantum
346 937 502 968 felicitatis
526 942 666 978 partem,
695 948 758 968 non
783 941 884 967 totam
907 935 1089 967 felicitatem
1112 936 1354 978 amplectantur,

199 1001 306 1026 tamen
329 993 454 1031 insunt,
478 998 514 1024 ut
536 998 714 1030 momenta,
743 991 919 1024 definitioni
942 1002 1037 1034 supra
1061 992 1223 1034 expositae
1248 987 1355 1034 (ὑπείρ-

199 1063 260 1091 χειν
283 1050 324 1091 τῷ
349 1048 507 1089 λεχθέντι).

290 1106 318 1147 ξ.
343 1105 373 1137 G.
419 1105 507 1137 Haec
531 1105 558 1146 ξ.
583 1109 789 1146 conspectum
807 1104 855 1145 ξξ.
879 1103 1078 1145 sequentium
1102 1103 1243 1146 exponit,
1267 1103 1371 1140 simi-‚

202 1163 264 1194 lem
295 1161 474 1202 partitioni,
505 1171 584 1202 quae
616 1161 647 1192 in
670 1161 746 1192 Eth.
771 1160 853 1192 Eud.
879 1159 907 1198 I,
934 1160 962 1193 1.
993 1164 1108 1191 exstat.
1143 1177 1180 1183 —
1209 1161 1279 1198 Τοῖς
1307 1158 1355 1202 μὲν
1384 1166 1393 1177 ·

201 1215 256 1259 γάρ
281 1214 385 1258 cicer—rs)
419 1217 549 1258 Cynici,
579 1221 612 1249 et
635 1216 662 1248 si
685 1216 737 1259 qui
768 1216 819 1248 alii
842 1221 926 1248 sunt.
949 1236 994 1241 —
1017 1212 1163 1256 φρόνησις)
1195 1215 1283 1247 Haec
1306 1220 1357 1247 est
1384 1214 1387 1217 ’

203 1273 343 1306 Socratis
373 1273 548 1312 sententia3
573 1273 612 1305 cf.
636 1273 705 1304 infr.
730 1272 789 1311 Vl,
821 1283 848 1303 c.
876 1271 933 1310 13,
964 1272 992 1313 ξ.
1017 1271 1048 1305 3.
1072 1283 1141 1313 sqq.
1164 1291 1208 1296 —
1231 1273 1300 1309 Τοῖς
1324 1270 1355 1302 δὲ

203 1325 412 1361 ταῦτα-οὐκ
436 1321 498 1360 ἄνευ
522 1325 631 1370 ἡδονῆς)
654 1329 880 1370 Paraphrastes
896 1328 973 1359 duas
996 1326 1259 1369 philosophorum
1281 1337 1355 1358 sen-

203 1385 320 1417 tentias
348 1385 396 1416 his
423 1384 528 1417 verbis
557 1384 688 1416 subesse
717 1390 823 1426 putat,
855 1395 984 1426 quarum
1011 1383 1110 1415 altera
1136 1383 1247 1425 incipit
1275 1382 1315 1414 ab
1339 1378 1357 1424 ἣ

204 1438 318 1473 τούτων.
364 1441 513 1482 Explicat
535 1440 637 1472 enim:
666 1443 723 1479 τοῖς
746 1440 776 1472 ὁὲ
799 1438 849 1472 καὶ
873 1437 966 1471 πάντα
988 1439 1082 1470 ταῦτα
1106 1435 1267 1481 εὐδαιμονία
1289 1437 1356 1471 εἶναι

205 1499 290 1528 ὀσκεῖ.
320 1499 377 1535 τοῖς
401 1496 431 1528 ὁὶ
455 1493 561 1528 τούτων
584 1510 612 1528 τι
636 1493 708 1538 μεθ’
739 1493 854 1538 ἡδονῆς,
886 1491 963 1528 ἀλλὰ
987 1494 1036 1536 τῆς
1060 1491 1113 1526 ἐπ’
1139 1491 1230 1526 αὐτῶν
1253 1491 1358 1526 τούτων
1403 1524 1406 1529 ,

205 1552 373 1594 τικτεμένης.
420 1553 499 1584 Item
523 1553 720 1592 Eustratius,
745 1552 795 1594 qui
822 1547 839 1593 ἦ
861 1548 910 1583 οὐκ
935 1543 996 1583 ἄνευ
1019 1547 1116 1593 ἡδονῆς
1140 1551 1172 1582 in
1195 1561 1357 1582 commen-

205 1609 285 1640 tario
315 1609 407 1649 plane
437 1609 553 1640 omisit.
601 1609 666 1641 Sed
696 1609 762 1651 qui‘
777 1620 888 1640 omnes
916 1608 1048 1639 virtutes
1077 1607 1259 1639 felicitatem
1287 1617 1359 1638 esse
1388 1621 1390 1628 ·

206 1664 334 1702 volunt,
370 1675 425 1695 cos
451 1665 517 1706 jani
548 1675 643 1706 supra
675 1664 862 1706 significavit
885 1663 1072 1695 Aristoteles
1102 1662 1205 1695 verbis
1231 1664 1288 1701 τοῖς
1311 1661 1358 1704 μὲν
1390 1667 1393 1675 “

206 1715 260 1760 γιὶρ
298 1715 394 1760 ἀρετή.
446 1720 553 1762 Itaque
584 1720 709 1752 unicam
744 1725 868 1752 tantum
903 1719 1093 1751 sententiam
1128 1717 1276 1750 omnibus
1309 1717 1358 1750 his
1384 1759 1388 1762 Ι

207 1774 310 1806 verbis
335 1775 496 1816 amplexus
517 1781 581 1814 est3
605 1788 678 1807 narn
703 1780 738 1807 ut
758 1776 916 1818 posterius
934 1768 1027 1817 ἤΙιοο
1042 1775 1112 1806 loco
1129 1785 1194 1806 non
1210 1774 1360 1816 disjungit
1387 1783 1391 1787 ’

207 1841 310 1872 neque
332 1841 446 1862 novam
471 1841 536 1861 rem
565 1832 715 1873 adjungit,
739 1832 796 1863 sed
820 1831 956 1873 explieat
979 1835 1012 1862 et
1033 1830 1170 1872 corrigit,
1193 1835 1230 1861 ut
1252 1840 1358 1871 saepe,
1384 1843 1386 1848 ·

207 1897 302 1918 unam
327 1886 522 1927 eandemque
552 1897 633 1925 reni,
663 1887 706 1918 ita
729 1893 762 1919 ct
784 1887 886 1929 prius:
921 1887 1028 1918 Virtus
1053 1886 1155 1917 omnis
1186 1886 1236 1918 vel
1258 1886 1360 1928 aliqua
1380 1898 1383 1901 ·

207 1942 376 1983 conjuncta
398 1946 448 1972 est
470 1953 540 1973 cuni
563 1942 724 1982 voluptate
751 1941 833 1983 (μέτ’
858 1939 984 1984 ἡδονῆς),
1011 1942 1061 1974 vel
1083 1942 1189 1983 potius
1212 1942 1370 1983 voluptffi

208 2002 273 2030 tem
296 1997 473 2029 necessarie
496 1997 624 2039 requirit
647 2009 706 2028 nec
729 1999 849 2039 sejungi
873 2003 981 2040 potest
1000 1997 1039 2030 ab
1055 2009 1093 2030 ea
1117 1995 1178 2039 (οὐκ
1201 1989 1264 2029 ἄνευ
1285 1993 1356 2039 ἡδο-

209 2052 273 2095 νῆς).
316 2053 421 2085 Prima
443 2053 601 2084 sententia
623 2053 770 2084 virtutem
796 2055 844 2085 vel
867 2055 951 2086 bona
974 2054 1097 2086 interna
1121 2054 1188 2086 sola
1210 2063 1268 2095 pro
1291 2052 1359 2085 feli-

209 2109 301 2140 citate
317 2109 424 2147 habet,
446 2109 523 2141 haec
539 2109 637 2142 altera
654 2110 922 2150 (Cyrenaicorum)
940 2110 1028 2142 addit
1043 2109 1149 2142 virtuti
1164 2109 1359 2152 voluptutem
