1439 2342
180 74 251 111 126
456 77 634 102 Commentar.
661 75 695 102 nd
715 75 824 102 Aristot.
845 74 932 101 Ethie.
953 74 1057 101 Nicom.

175 183 331 216 difficilius
353 183 532 220 intellectu,
557 181 670 213 mutari
693 181 867 222 potuisset,
891 191 956 213 non
976 182 1086 220 video,
1108 182 1136 214 si
1157 178 1224 214 κενά
1245 186 1332 214 esset

175 239 310 281 genuina
325 237 436 276 lectio;
460 242 605 278 utsupra
628 236 671 274 11,
696 247 723 268 c.
743 237 773 275 7,
798 237 827 278 ξ.
845 237 874 270 1.
899 237 939 268 de
954 234 1108 277 κοινότερα
1131 241 1164 269 et
1185 233 1331 278 κενώτεροι

176 294 320 326 diximus.
359 293 554 326 scholiastes
577 297 684 324 tamen
708 291 826 324 codicis
849 293 992 324 AHasio
1016 292 1113 324 etiam
1132 289 1199 324 κενοί
1217 292 1332 334 legis-e

174 350 315 388 videtur,
349 354 460 391 utpote
482 348 642 390 explicans
666 348 747 380 inter
768 348 885 381 lineas:
917 346 977 380 ἔστι
1001 346 1078 385 wei,
1103 342 1124 380 ἃ
1147 345 1261 388 φοβεροὶ
1283 347 1331 391 μὲν

174 407 260 443 δοκεῖ,
284 403 344 445 ἔχει
367 404 398 436 δὲ
420 401 515 436 οὐδέν·
539 397 559 436 οἳ
581 403 693 444 λέγεται
713 401 787 435 κενά.

262 460 291 501 ᾦ.
315 459 346 492 9.
392 457 429 492 τοὶ
452 460 484 492 δὲ
507 456 654 499 πολιτικοί)
699 459 762 491 Pro
786 460 812 490 οἱ
836 458 994 498 πολιτικοί,
1025 460 1050 491 οὶ
1081 462 1215 497 muron,
1244 469 1332 491 ewerk-

173 518 250 548 citus
270 517 380 548 civilis.
427 515 578 547 Garvius:
608 517 647 554 ii,
675 517 727 556 qui
743 517 835 555 prius
857 518 1019 547 menwrata
1047 517 1132 547 civili
1150 516 1333 556 fortimdim

172 574 303 603 πάππων.
351 571 567 613 opponuntur
595 570 633 601 iis
662 570 688 601 οἳ
719 569 912 610 στρατιῶται,
948 571 969 603 i.
993 581 1021 602 e.
1051 573 1250 609 mercenarii,
1283 570 1333 602 vel

172 628 282 659 milites
305 628 340 658 ob
359 637 446 658 usum
467 630 497 658 et
513 627 656 667 peritiam
673 626 788 665 fortes,
822 637 901 667 quae
925 631 993 657 erat
1015 626 1153 658 secunda
1176 625 1332 658 fortitudi-

173 682 222 713 nis
247 682 379 724 species.
397 701 435 708 —
457 678 605 724 Ἑρμαίῳ)
630 681 806 714 Felicianus
830 692 869 713 ex
892 681 1065 723 Interprete
1088 693 1218 723 graeco:
1242 682 1332 720 „Ho-

173 748 242 770 rum
264 742 397 779 utraque
420 737 451 769 in
475 738 633 769 Hermaeo
657 737 824 769 Coroneae
853 738 1007 770 Boeotiae
1036 737 1123 770 urbis
1154 738 1226 770 loco
1258 737 1332 769 olim

173 793 345 835 contigisse
367 793 435 825 visa
449 798 532 825 sunt.
567 793 651 824 Nam
667 804 739 826 cum
755 804 857 825 arcem
872 793 958 825 urbis
972 805 1029 836 per
1050 793 1262 836 proditionem
1276 804 1335 825 ca-

172 854 261 891 ptam
275 849 498 882 Onomarchus
512 849 686 881 Phocensis
700 855 898 891 occupasset,
920 849 1083 882 Coronei“
1107 846 1155 891 (τοί
1171 845 1333 887 πολιτικαί),

174 905 344 947 „acceptis
367 916 385 936 a
407 905 550 937 Boeotiis
574 905 774 937 auxiliaribus
798 905 965 943 militibus,
1000 905 1032 936 in
1056 905 1226 947 campestri
1247 904 1333 936 urbis
1384 905 1386 938 ,'

172 961 261 999 loco,
285 960 338 1002 qui
360 961 537 992 Hermaeus
561 960 793 1002 appellabatur,
818 972 889 993 cum
913 961 1107 993 Onomarchi
1130 961 1230 1002 copiis
1254 971 1333 992 con·
1383 982 1385 985 -

172 1016 297 1048 flixere:
329 1016 527 1058 ocelusisque
555 1016 674 1057 portis,
713 1027 754 1048 ne
783 1016 874 1058 fugae
902 1016 1006 1048 aditus
1036 1016 1170 1058 cuipiam
1199 1021 1332 1058 pateret,
1382 1028 1386 1034 ·

172 1072 294 1103 fortiter
316 1082 374 1112 pro
404 1072 505 1112 patria
529 1071 745 1110 decertarunt,
780 1082 955 1114 omnesque
984 1072 1028 1103 ibi
1056 1072 1212 1104 interfecti
1242 1076 1332 1111 sunt3

173 1127 289 1159 milites
315 1126 519 1167 (στρατιῶται)
543 1138 618 1159 vero
643 1127 750 1159 statim
774 1138 791 1158 a
825 1127 997 1168 principio,
1027 1127 1081 1159 ubi
1110 1127 1292 1160 Charonem
1315 1138 1333 1159 e

174 1182 306 1215 ducibus
337 1182 401 1214 suis
430 1194 528 1214 unum
550 1182 582 1213 in
607 1182 727 1224 proelio
751 1182 904 1214 cecidisse
933 1182 1136 1222 audiverunt,
1172 1183 1204 1214 in
1227 1183 1331 1224 fugam

173 1243 248 1270 sunt
269 1238 385 1270 versi.“

262 1303 290 1344 ξ.
318 1302 368 1335 10.
416 1301 612 1343 ἐπιφέρουσιν)
660 1302 793 1342 φέρουσιν
831 1302 1023 1334 Cardwellus
1059 1314 1077 1334 e
1111 1301 1175 1341 Kb3
1222 1298 1331 1342 ἀναφέ-

171 1371 268 1398 ρουσιν
291 1359 348 1395 El,
384 1356 445 1396 Lb,
481 1356 550 1397 Mb,
587 1363 619 1390 et
643 1359 729 1390 CCC
761 1359 793 1390 in
822 1358 979 1399 margine:
1014 1359 1076 1390 Par
1104 1357 1331 1399 praepositioni

173 1414 219 1445 ἐπι
243 1414 491 1455 superscriptum
521 1413 619 1445 habet
647 1410 709 1445 ἄνα.
738 1432 780 1437 ——
827 1411 985 1456 φερόμενοι)
1012 1411 1150 1455 φερόμενα
1175 1413 1240 1452 Kb,
1275 1412 1330 1452 Lb,

173 1468 241 1506 M¹'‚
266 1469 469 1501 Cardwellus.
503 1487 540 1492 —
580 1463 732 1511 (Όμηρος)
780 1470 819 1500 cf.
858 1469 945 1500 Iliad.
977 1469 1067 1507 XVI,
1107 1480 1138 1501 V.
1161 1468 1245 1507 5293
1284 1469 1328 1507 V,

172 1536 202 1556 v.
225 1525 306 1564 5103
342 1525 462 1567 Odyss.
487 1525 610 1564 XXIV,
646 1537 676 1557 v.
709 1525 773 1557 317
793 1543 831 1549 -—
850 1524 923 1557 318.
983 1524 1124 1557 Quartus
1158 1524 1330 1557 versiculus

172 1591 232 1612 nec
259 1581 290 1611 in
308 1581 403 1613 Iliade
426 1592 485 1613 nec
508 1580 540 1612 in
571 1581 720 1623 Odyssea
743 1579 894 1619 occurrit,
925 1581 982 1613 sed
1005 1580 1089 1622 apud
1113 1580 1328 1619 Theocritum,

173 1637 245 1675 XX,
273 1636 329 1678 15:

541 1743 571 1748 —
591 1728 643 1762 ἐμοὶ
660 1725 682 1753 δ’
702 1724 766 1762 ἄφαρ
786 1728 869 1760 ἕζεο-εν
887 1726 957 1761 αἷμα.

263 1851 292 1891 ᾅ.
318 1849 370 1883 11.
415 1852 560 1891 συνεργεῖ)
607 1851 635 1883 Ε
659 1851 803 1884 Platonis
835 1851 1010 1890 sententia3
1045 1850 1082 1883 cf.
1113 1861 1208 1893 supra
1235 1851 1276 1883 ad
1305 1851 1329 1890 1,

174 1916 200 1937 c.
218 1907 255 1944 5,
287 1906 315 1947 ᾧ.
342 1906 370 1938 1.
395 1924 436 1930 -
461 1903 521 1937 ἐπεὶ
551 1898 583 1938 ἄν
604 1908 646 1947 γε)
677 1908 756 1947 Par,
779 1907 944 1940 Bekkerus
968 1904 1027 1940 ἐπεὶ
1058 1903 1103 1938 ἐάν
1130 1920 1172 1948 γε.
1195 1927 1238 1933 -—
1262 1904 1329 1948 ἕλει)

175 1961 295 1994 comes
319 1953 386 2002 ὄρει.
412 1980 452 1985 -
499 1958 532 1994 οὗ
554 1959 592 2005 δή
615 1963 690 1995 ἐστιν
715 1960 826 2004 ἀνδρία,
848 1960 913 2003 ὑπ’)
937 1964 1017 2003 Ven,
1040 1968 1073 1995 et
1095 1963 1260 1995 Bekkerus
1280 1968 1329 1995 m-

174 2017 236 2049 cite
259 2013 292 2049 οὗ
315 2015 352 2059 δή
374 2018 448 2050 ἔστιν
472 2014 586 2058 ἀνδρεῖα
609 2019 819 2058 (Cardwellus
843 2025 950 2052 tamen
972 2018 1087 2060 α’νδρεία
1110 2030 1128 2051 e
1144 2017 1200 2058 Kb,
1224 2018 1256 2050 in
1278 2028 1329 2050 re-

175 2072 265 2114 liquis
288 2078 326 2105 ut
347 2073 522 2114 Bekkerus)
552 2070 601 2106 ὁ“ιοὶ
624 2070 659 2106 τὸ
681 2070 748 2114 ὑπ’;
782 2081 818 2107 ut
841 2065 1034 2108 Cardwellus
1057 2086 1075 2107 e
1098 2073 1156 2114 Kb,
1184 2075 1228 2106 ita
1250 2083 1329 2116 quo-

175 2139 236 2169 que
260 2129 358 2168 CCC,
382 2130 452 2168 Par,
477 2135 510 2162 et
532 2131 604 2168 NC,
628 2131 681 2172 qui
704 2136 808 2164 tamen
833 2131 907 2172 legit
930 2128 1146 2172 ἐξελαυνόμενον.
1191 2130 1328 2162 Comes:
