1439 2342
497 67 570 95 Libri
592 68 638 95 1x.
680 67 746 103 Cap.
768 67 803 94 11.
1170 63 1243 101 287

87 173 160 213 Ald,
182 174 264 206 Ven.
288 193 333 198 —
355 174 440 216 τῷδε)
465 175 552 208 Idem
576 180 636 213 est,
660 175 713 218 qui
737 171 751 206 ὁ
775 175 838 218 μένε
863 174 1039 217 subjectum
1064 179 1169 208 autem
1194 176 1245 207 τοῦ

88 227 177 262 οἴεται
214 239 253 262 ex
284 230 412 272 objecto
444 231 495 262 τοΐῖ
525 228 602 269 εἰδώς
626 237 659 263 et
688 225 719 262 εἶ’]
742 228 861 275 ποιήσῃ,
883 231 967 273 quod
997 236 1047 263 est
1077 233 1243 270 σπουδαῖον,

87 286 322 318 assumendum.

175 342 202 384 ᾤ.
228 341 258 374 6.
305 338 355 373 οὐκ
396 340 456 373 ἴσον
494 340 526 373 τὸ
557 339 679 384 ἀξίωμα)
714 343 796 375 Cum
834 342 909 374 boni
941 348 974 374 et
1003 343 1076 374 mali
1107 343 1243 385 dignitas

86 409 150 430 non
175 398 218 429 sit
240 398 362 438 eadem,
388 410 451 430 non
477 404 614 440 oportet,
645 399 748 430 bonus
781 399 864 430 malo
895 409 1002 439 parem
1032 400 1163 440 gratiam
1192 411 1242 432 re-

84 455 179 493 ferat;
204 454 354 496 injustum
369 455 451 486 enirn
475 460 570 493 esset,
596 455 621 485 si
645 456 745 486 malus
763 455 884 492 eadem,
910 465 988 496 quae
1011 454 1125 493 bonus,
1150 456 1244 487 vellet

86 510 268 541 auferre.—
287 507 406 551 δέξαιεν)
419 511 474 542 Sic
488 511 558 549 Par,
573 510 764 542 Cardwellus
779 516 810 541 et
823 510 985 542 Bekkerus
1000 511 1172 543 secundum
1186 512 1241 551 H·‚

84 564 141 604 Kb,
166 564 220 605 Ι),
245 564 303 605 N¹’,
328 567 434 608 plures
472 567 601 598 Victorii
634 566 770 598 codices.
828 567 963 607 Vulgata
999 564 1116 608 δόξειεν,
1149 578 1241 609 quam

85 622 235 654 exhibent
258 623 479 654 XVilkinsonus
505 623 573 654 sine
594 628 669 654 nota
695 623 812 660 critica,
836 623 924 661 Vrat,
949 621 1011 661 M¹·,
1038 622 1096 663 Ob,
1122 624 1241 655 violen-

84 678 146 709 tius
177 689 344 710 numerum
375 684 476 710 mutat
508 691 602 721 quam
633 685 668 710 ut
705 679 766 710 hoc
799 679 924 720 quidem
957 679 1027 710 loco
1066 690 1104 711 ex
1142 680 1240 721 ipsius

84 735 276 766 Aristotelici
302 735 456 766 sermonis
481 747 540 767 usu
564 735 635 766 ferri
660 745 754 776 posse
778 735 933 766 videatur.

173 791 199 832 ξ.
226 792 256 822 7.
305 789 443 829 πολλάκις
468 789 590 833 εἴρηται)
615 791 695 822 Vide
720 801 803 832 supr.
833 791 871 821 ad
896 789 918 828 l,
944 802 970 822 c.
995 791 1025 828 2,
1050 791 1076 832 ξ.
1103 791 1133 828 3,
1159 797 1191 822 et
1214 804 1240 823 c.

84 846 114 886 3,
140 847 167 887 ξ.
187 847 214 884 1,
239 852 271 877 et
294 847 373 885 loca,
399 858 478 889 quae
503 847 606 888 priore
631 846 701 887 loco
727 846 901 878 citavimus.
923 865 956 869 —
987 846 1027 887 τῷ
1047 843 1103 878 Διῒ
1125 844 1240 887 θύεται)

84 901 215 944 Supple,
245 904 328 944 quod
362 903 483 934 addunt
508 904 574 944 jam
614 903 779 934 Eudemus
813 902 893 940 (Vll,
919 914 946 934 c.
974 903 1040 942 11),
1064 903 1240 945 Paraphra-

83 963 160 997 stes,
185 959 378 997 Eustratius,
404 956 510 990 πάντας
541 960 578 991 cf.
605 970 690 1001 supr.
716 959 754 990 ad
779 959 816 995 V,
842 969 875 996 c,
903 959 938 996 7,
964 959 990 999 ξ.
1018 959 1054 997 1,
1085 960 1115 990 in
1147 970 1240 1001 quem

81 1015 186 1047 locum
211 1026 227 1046 e
247 1021 358 1046 nostro
384 1017 565 1057 conjectura
582 1015 700 1047 Mureti
717 1014 859 1056 irrepsit:
886 1013 953 1054 αἶγα
977 1010 1033 1046 ml·
1049 1012 1136 1053 θύειν,
1162 1012 1239 1047 clm?

82 1067 122 1113 μή
153 1068 289 1112 πρόβατα
321 1082 378 1112 pro
403 1070 470 1112 αἶγα
497 1068 583 1108 θύειν,
612 1068 689 1103 aiud
713 1068 752 1113 μὴ
778 1068 826 1102 &iic
861 1068 1005 1110 πρόβατα.
1058 1071 1238 1103 Eustratius

81 1131 114 1158 et
142 1138 236 1158 canes
267 1133 299 1159 et
335 1133 500 1168 serpentes
531 1134 563 1159 et
599 1128 657 1159 alia
694 1128 806 1159 similia
839 1127 912 1159 Jovi
947 1137 1010 1158 non
1047 1127 1239 1159 immolanda
1280 1133 1281 1138 ¹

81 1193 151 1225 esse
176 1183 259 1225 apud
284 1183 436 1221 Graecos,
461 1189 561 1215 notat.

171 1240 199 1281 ᾧ.
224 1239 255 1271 8.
303 1239 337 1278 εἰς
362 1236 398 1270 m*
423 1237 508 1281 κήδη)
532 1239 615 1271 Sunt
639 1239 825 1284 effsequiae,
856 1244 891 1269 ut
921 1249 1032 1270 omnes
1062 1239 1126 1270 sere
1156 1239 1238 1270 acci-

79 1294 181 1336 piunt.
228 1296 408 1326 Eustratius
440 1301 563 1332 tamen,
595 1295 806 1336 adstipulante
832 1295 1045 1337 Argyropylo,
1076 1295 1115 1326 de
1139 1305 1237 1336 spon-

80 1351 215 1397 salibus:
246 1348 320 1392 κήδη
346 1348 370 1382 δ’
394 1349 446 1382 εἰσὶ
473 1348 507 1382 τεῖ
534 1348 590 1391 πρὸ
614 1350 665 1382 τοῧ
688 1348 781 1393 γάμου
804 1348 1041 1392 συναλλάγματα.
1088 1351 1153 1382 Sed
1184 1362 1238 1383 cur

72 1395 150 1438 *tumr
171 1412 246 1448 post
275 1407 402 1448 nuptias
434 1408 472 1439 de
503 1408 540 1439 iis
561 1407 716 1449 loquitur?
742 1408 817 1446 Cur,
842 1418 922 1449 quae
945 1408 984 1438 ad
1013 1407 1146 1439 eandem
1170 1418 1236 1438 rem

79 1463 256 1505 pertinent,
298 1463 401 1495 verbis
444 1464 486 1495 ita
528 1464 691 1506 disjunctis
728 1465 974 1496 commemorat?
1010 1463 1236 1505 Paraphrastes

79 1519 153 1561 quid
177 1519 323 1557 senserit,
347 1520 480 1561 perspici
505 1531 567 1551 non
592 1525 711 1561 potest,
742 1531 812 1551 cum
838 1521 876 1551 ad
900 1519 1030 1551 verbum
1054 1519 1236 1551 Aristotelis

78 1576 254 1607 orationem
285 1582 450 1618 sequatur:
482 1576 513 1607 id
550 1576 633 1618 quod
672 1576 767 1607 toties
800 1587 872 1608 eum
910 1576 1022 1608 fecisse
1060 1576 1234 1614 observavi,

79 1632 202 1674 quoties
226 1637 280 1663 aut
304 1632 406 1663 noluit
429 1638 481 1663 aut
507 1643 568 1663 non
594 1632 700 1674 potuit
723 1632 948 1664 obscuritatem
975 1632 1132 1674 quandam
1157 1643 1234 1664 enu-

43 1680 48 1686 ⁵
78 1688 190 1720 cleare.
220 1689 327 1720 Etiam
351 1700 412 1720 vox
437 1685 564 1729 cinam-{v
589 1699 660 1719 cum
686 1689 839 1719 Eustratii
863 1689 1073 1730 explicatione
1098 1698 1237 1729 pugnare

77 1745 210 1777 videtur.
259 1746 324 1777 Cur
348 1745 431 1776 enim
457 1744 692 1785 consanguinei,
717 1744 754 1775 ad
779 1745 905 1786 nuptias
931 1745 956 1775 si
985 1749 1148 1782 vocantur,
1173 1755 1236 1776 non

77 1801 171 1833 etiam
189 1801 390 1842 sponsalibus
407 1806 442 1831 ut
459 1801 563 1831 adsint
585 1800 766 1837 invitentur,
785 1801 841 1832 sed
857 1800 917 1842 ipsi
934 1801 1070 1831 debeant
1086 1801 1235 1832 accedere

78 1859 143 1898 (δεῖν
156 1854 307 1899 dri-ausger),
321 1869 383 1888 non
398 1857 500 1888 video.
527 1857 575 1887 Ad
589 1857 697 1887 funera
716 1867 790 1887 vero
812 1861 844 1888 et
862 1857 1036 1897 parentalia
1055 1857 1150 1888 etiam
1171 1868 1234 1888 non

75 1914 179 1946 vocati
192 1925 246 1946 cur
259 1913 395 1945 debeant
408 1913 568 1950 accedere,
580 1913 660 1944 ratio
672 1916 770 1954 patet.
783 1913 877 1951 Nam,
888 1917 922 1943 ut
930 1912 1005 1943 dicit
1016 1913 1135 1944 Noster
1143 1912 1236 1951 (infra

76 1983 103 2003 c.
120 1972 170 2008 11,
182 1971 209 2012 ᾧ.
223 1970 309 2008 5-6),
323 1971 437 2009 „amici
446 1970 484 2001 ad
500 1980 549 2000 res
565 1970 719 2001 secundas
735 1969 848 2011 cupide
864 1969 1069 2010 studioseque
1084 1969 1235 2007 vocandi3

75 2032 186 2059 contra
195 2032 300 2058 autem
314 2027 352 2058 ad
365 2036 431 2063 eos,
447 2037 524 2067 quos
538 2026 669 2057 adversa
681 2030 714 2057 et
726 2025 832 2067 iniqua
844 2026 968 2057 fortuna
982 2025 1107 2066 premit,
1121 2024 1235 2067 cupide

75 2088 108 2116 et
128 2083 212 2115 ultro
237 2083 376 2114 eundum
401 2087 460 2121 est,
484 2093 544 2114 nec
568 2082 816 2123 exspectandum
840 2082 915 2113 dum
942 2081 1100 2113 voceris.“

164 2139 193 2181 ξ.
219 2138 250 2172 9.
295 2137 423 2179 κάλλιον)
449 2138 548 2170 Addit
571 2130 599 2170 ἔν
622 2137 787 2170 Bekkerus
812 2148 850 2170 ex
875 2137 930 2176 ΗΒ
954 2135 1012 2176 Nb,
1042 2137 1097 2169 sed
1129 2141 1235 2168 ortum
