1439 2342
472 74 543 100 Libri
564 74 583 100 l.
624 73 689 108 Cap.
712 73 748 99 Vl
770 73 837 106 (IV).
1186 71 1233 107 33

78 181 194 223 ubique
206 185 315 213 contra
324 182 464 214 Platonis
476 181 563 213 ideas
572 182 722 224 disputet,
732 181 883 213 nonnulla
893 181 932 213 de
940 181 1082 213 Platonis
1091 182 1232 214 doctrina

78 237 107 268 in
140 237 322 268 universum
346 238 578 279 praemittenda
601 237 757 269 videntur.
803 238 911 269 Docet
933 248 992 269 nos
1016 237 1084 280 ipse
1107 239 1231 270 Aristo-

77 293 156 324 teles
183 293 344 334 (Metaph.
361 293 382 331 l,
401 292 456 332 6),
483 293 660 331 Platonem,
686 293 835 325 Heracliti
859 294 1036 325 sententiae
1061 299 1232 327 assuetum.

77 353 226 390 tanquam
251 348 397 379 omnibus
418 348 585 379 sensilibus
605 359 731 390 semper
754 349 966 380 defluentibus
990 354 1023 380 et
1045 350 1083 381 de
1107 350 1144 381 iis
1168 361 1232 381 non

77 405 232 436 existente
257 404 398 441 scientia,
422 404 496 435 inde
512 403 689 435 doctrinam
706 414 797 434 suam
814 404 853 435 de
869 404 947 435 ideis
965 404 1102 436 duxisse.
1150 406 1233 438 Cum

77 465 183 491 autem
207 459 354 490 Socrates
386 460 416 490 in
441 459 612 491 moralibus
635 459 812 491 universale
835 465 1014 501 quaereret,
1045 466 1157 502 utpote
1181 463 1233 503 qui

77 515 116 547 ad
139 515 339 546 definitiones
364 519 503 546 mentem
525 515 714 557 applicaret,
737 515 828 547 Plato
851 515 924 548 huic
948 527 1097 547 assensus
1121 518 1232 548 defini-

77 571 196 602 tionem
213 582 231 602 a
248 571 416 603 sensilibus
432 576 588 602 remotam
612 582 683 603 esse
706 571 839 613 putavit,
864 571 981 613 quippe
1005 583 1085 613 quae
1109 584 1234 614 semper

78 632 280 665 moveantur,
312 632 343 658 et
366 627 542 658 universale
569 624 612 668 (τὸ
637 626 778 668 καθόλου)
806 627 909 658 solum
934 639 990 659 ens
1019 639 1089 659 esse
1113 629 1233 667 statuit,

77 683 161 724 quod
185 693 241 724 per
265 683 480 714 definitionem
500 688 606 714 mente
632 688 664 714 et
686 683 894 724 intelligentia
917 684 1108 724 percipiatur
1131 684 1234 716 scien-

77 739 215 780 tiamque
231 739 273 769 ita
290 739 442 780 perficiat.
491 739 621 780 Species
641 736 690 779 (τὰ
714 737 788 780 εἴδη)
814 739 879 770 sive
901 750 1016 780 genera
1041 737 1177 781 (τὰγένη)
1192 759 1235 764 -

77 794 155 826 haec
183 795 266 826 enim
298 795 380 836 apud
404 795 571 826 Platonem
595 794 722 836 quidem
751 795 931 836 promiscue
960 806 1018 836 pro
1042 795 1112 826 idea
1146 795 1233 836 (ἰδέα)

77 856 238 892 ponuntur
264 869 320 889 —,
353 850 466 892 quibus
497 851 636 892 singulae
659 861 709 882 res
734 851 954 889 continentur,
985 856 1017 882 et
1046 851 1174 882 fuerunt
1196 862 1234 883 ex

77 906 163 938 omni
194 907 398 945 aeternitate,
433 918 535 948 neque
570 918 708 948 unquam
740 918 809 938 esse
842 907 1006 945 desinent,
1044 918 1146 948 neque
1180 907 1235 938 ulli

77 962 246 994 mutationi
277 962 413 993 obnoxia
437 968 526 1000 sunt,
558 963 614 993 sed
639 973 764 1003 semper
787 962 900 994 eodem
927 963 1024 993 modo
1049 974 1082 993 se
1106 962 1234 994 habent.

77 1019 150 1050 Non
177 1018 277 1055 enim,
308 1024 344 1049 ut
367 1018 478 1049 volunt
501 1018 659 1059 plerique,
689 1019 739 1050 hic
762 1019 858 1049 homo
883 1023 915 1050 et
938 1018 1000 1049 hoc
1024 1018 1156 1056 animal,
1185 1019 1236 1060 qui

77 1079 250 1106 nascuntur
272 1079 305 1105 et
327 1074 499 1111 intereunt,
530 1085 602 1105 vere
633 1079 744 1113 sunt3
777 1075 833 1105 sed
857 1074 927 1105 idea
951 1079 1075 1105 tantum
1100 1074 1238 1105 hominis

78 1142 116 1162 ex
140 1131 226 1161 omni
250 1130 434 1161 aeternitate
458 1141 532 1161 vera
554 1130 612 1160 fuit
635 1140 821 1171 semperque
845 1130 913 1161 erit.
951 1130 1003 1162 Sic
1027 1130 1176 1170 deinceps
1197 1130 1237 1161 de

79 1187 202 1218 ceteris.
250 1187 332 1217 Sunt
356 1191 460 1217 autem
491 1186 632 1227 singulae
655 1196 705 1216 res
730 1196 767 1216 ea
790 1190 914 1216 tantum
944 1191 1049 1227 parte,
1082 1191 1237 1227 quatenus

80 1243 219 1274 idearum
238 1242 407 1283 participes
433 1242 496 1272 sint
522 1241 678 1282 (μέθεξις),
703 1247 736 1272 et
758 1242 797 1272 ad
822 1247 950 1272 aeterna
973 1241 1024 1272 illa
1048 1242 1237 1283 exemplaria

81 1298 341 1340 (παραὸείγματα),
375 1297 478 1339 quoad
502 1298 568 1338 ejus
595 1297 663 1328 fieri
689 1297 806 1337 possit,
831 1298 1078 1329 conformentur.
1125 1298 1237 1329 Scien—

79 1356 122 1386 tia
152 1355 228 1385 nihil
258 1354 341 1385 aliud
371 1359 420 1385 est
451 1365 544 1394 quam
571 1353 805 1384 reminiscentia
837 1350 1026 1395 (didym-qoud:
1058 1353 1078 1384 i.
1104 1364 1131 1384 e.
1161 1365 1237 1385 con-

79 1410 210 1442 scientia
226 1410 376 1448 idearum,
400 1420 490 1451 quae,
514 1414 626 1450 utpote
649 1409 743 1440 animi
767 1414 911 1440 naturam
936 1410 1120 1447 efficientes,
1144 1410 1236 1440 nobis

80 1467 118 1498 ab
135 1467 222 1497 omni
247 1465 432 1497 aeternitate
450 1466 517 1507 jam
534 1465 598 1496 sint
612 1465 736 1496 insitae.
774 1465 937 1496 Hactenus
955 1465 1095 1496 Platonis
1120 1465 1236 1496 doctri-

79 1534 152 1553 nam
189 1523 372 1563 plerumque
409 1522 506 1559 meis,
541 1532 769 1562 nonnunquam
800 1521 919 1552 Mureti
955 1520 1059 1552 verbis
1095 1521 1236 1562 exposui.

81 1579 187 1620 Pergit
210 1579 355 1609 Muretus
383 1581 428 1619 (p.
453 1577 530 1615 86):

170 1634 252 1673 „Hic
269 1635 295 1665 si
312 1633 506 1665 substitisset
518 1633 621 1671 Plato,
645 1633 716 1664 ferri
733 1632 835 1674 aliquo
851 1633 948 1664 modo
963 1639 1099 1675 poterat,
1116 1635 1237 1665 omnia-

82 1701 141 1732 que
165 1690 246 1721 illius
271 1690 354 1722 dicta
376 1700 482 1721 veram
506 1689 641 1731 aliquam
665 1694 697 1720 et
721 1689 921 1720 commodam
944 1689 1237 1731 interpretationem

79 1746 217 1788 recipere
234 1746 454 1777 videbanturf⁶
484 1745 589 1783 Addo,
609 1745 703 1775 etiam
718 1745 801 1785 apud
819 1750 945 1776 nostros
963 1746 1172 1787 philosophos
1189 1746 1238 1777 in-

79 1802 251 1844 telligibilia
262 1807 293 1833 et
301 1801 488 1833 universalia
500 1801 531 1831 in
546 1800 674 1841 singulis
689 1800 833 1831 solavere
846 1812 926 1832 esse.
943 1802 976 1832 N
978 1812 1013 1833 ee
1021 1807 1131 1833 contra
1143 1802 1238 1833 taleni

82 1858 256 1890 doctrinam
273 1857 462 1890 Aristoteles
486 1856 647 1898 pugnavit,
673 1856 789 1897 quippe
805 1856 857 1898 qui
873 1862 905 1888 et
920 1857 988 1898 ipse
1004 1868 1111 1888 veram
1135 1858 1237 1889 scien-

79 1914 155 1946 tiam
178 1914 209 1945 in
233 1913 425 1955 cogitatione
447 1912 646 1954 cogitationis
670 1912 820 1953 posuerit.
867 1912 944 1944 Jure
968 1919 1074 1944 tamen
1106 1914 1238 1944 Ammo-

81 1970 167 2002 nium
192 1970 343 2007 Saccam,
367 1969 565 2000 Eustratium
590 1972 622 1999 et
645 1968 840 2009 Simplicium
862 1969 977 2000 refutat
1000 1969 1162 2007 Muretus,
1188 1970 1239 2011 qui

81 2025 287 2058 Aristotelem
317 2036 382 2056 non
414 2026 564 2056 adversus
593 2024 759 2055 Platonem
789 2024 910 2065 ipsum,
942 2025 998 2055 sed
1026 2025 1170 2065 vulgares
1201 2025 1240 2056 de

82 2081 161 2113 ideis
186 2081 351 2123 opiniones
375 2091 534 2123 pugnasse
556 2085 756 2122 putaverunt.
795 2080 883 2111 Dicit
905 2080 988 2112 enim
1008 2081 1240 2122 elegantissime

81 2138 243 2170 Muretus:
268 2138 383 2177 „Plato
407 2137 505 2168 multa
527 2136 674 2178 protulit,
698 2147 777 2178 quae
802 2136 1000 2175 Aristoteles,
1025 2137 1076 2178 qui
1099 2137 1240 2169 veritatis

105 2201 228 2221 comment.
236 2200 264 2220 ad
275 2200 342 2221 Arist.
350 2200 425 2220 uthica
434 2200 520 2221 Nicom.
529 2199 565 2220 ed.
575 2198 691 2219 Michelet.
1025 2189 1041 2216 3
