1439 2342
215 103 234 136 4
487 104 663 127 commentar.
692 100 725 125 ad
748 99 855 125 Ariston.
879 97 964 124 Ethic.
987 97 1089 124 Nicom.

215 217 247 243 ct
271 210 380 250 πίῃς
403 207 636 248 distinguuntur
659 205 738 236 infra
759 204 838 236 libro
862 204 913 242 Vl,
937 215 964 236 c.
982 205 1013 242 2,
1038 204 1066 244 ξ.
1092 205 1110 235 5
1135 208 1166 234 et
1189 213 1216 234 c.
1233 204 1264 242 5,
1288 203 1316 244 ᾗ.
1333 203 1364 236 4.

215 265 367 306 Operatio
391 263 458 304 ipsa
482 262 552 293 finis
577 266 626 292 est
650 271 697 292 ex.
721 271 764 301 gr.
790 260 820 291 in
846 259 970 291 actione
998 258 1178 300 philosophi
1201 258 1364 290 veritatem
1404 251 1414 275 ”

214 318 466 359 contemplantis.
512 315 678 359 Ejusmodi
707 319 781 346 sunt
801 325 925 356 quoque
955 325 1067 346 omnes
1091 314 1242 346 virtutum
1267 314 1365 346 actiti-

214 386 280 406 nes.
329 375 421 415 Opus
451 379 555 404 autem
587 372 658 402 finis
683 376 732 402 est
755 369 887 401 textoris
908 370 1032 402 actione
1055 381 1112 402 sua
1133 381 1274 414 pannum
1297 369 1365 401 effi-
1407 376 1409 380 ⁴

214 430 343 467 cientis,
374 429 489 460 sutoris
515 428 669 465 calceum,
699 425 841 457 statuarii
864 429 1001 457 statuam
1025 430 1085 458 etc.
1133 426 1287 467 (Metaph.
1311 417 1365 464 IX,

213 498 240 517 c.
265 486 308 525 8).
355 485 418 516 Sed
450 484 544 515 etiam
575 483 605 514 in
636 481 754 513 artibus
784 481 942 522 operatio,
972 492 1036 512 non
1066 491 1165 524 opus,
1193 481 1265 513 finis
1296 492 1366 513 esse

213 546 340 582 potest,
370 545 405 570 ut
428 543 616 570 notaverunt
638 537 866 578 paraphrastes
896 541 929 568 et
951 537 1149 576 Eustratius3
1179 537 1254 568 artis
1277 537 1366 578 equi-

214 596 299 628 tandi
323 595 406 627 enim
430 595 501 625 finis
526 599 575 624 est
596 593 678 624 bene
702 592 859 633 equitare,
883 604 945 623 non
972 604 1052 634 opus
1076 593 1212 634 aliquod.
1296 585 1315 589 Ἀ

302 652 329 691 ξ.
354 651 384 682 4.
423 646 478 680 131τέ
503 648 567 690 μίαν
591 645 650 680 md
675 645 798 690 (δύναμιν)
824 645 924 689 ἀρετήν
940 649 1028 686 Vrat,
1054 649 1140 681 CCC
1161 648 1202 689 (in
1227 648 1365 690 margine

213 704 334 747 ethaam)
361 711 393 736 et
408 705 546 746 plerique
562 704 693 736 Victorii
714 704 840 736 codices
865 704 907 744 (in
925 715 1057 745 quorum
1075 704 1202 746 quidem
1227 705 1365 746 margine

212 763 286 793 item
311 761 501 802 adscriptum
534 757 674 802 ὸύναμιν),
704 760 836 797 Aldina,
868 760 1042 797 Victorius,
1075 759 1261 798 Turnebus,
1291 760 1365 792 Mo-

214 818 327 855 rcllius,
345 817 574 854 Wilkinsonus,
598 816 726 848 Zellius.
764 815 973 847 Casaubonus
997 812 1110 858 ὁύιάμιν
1134 816 1231 847 edens
1246 815 1366 857 primus

212 879 348 905 veterem
388 872 472 902 illam
509 872 678 903 lectionem
707 873 778 913 jure
817 872 960 903 correxit.
1019 873 1080 903 Est
1114 871 1240 913 quidem
1279 868 1367 912 αἱρετή

213 928 395 970 saepissime
419 938 514 959 sensu
535 928 652 968 vulgari
676 932 709 959 et
732 927 920 969 improprio:
956 929 1087 967 habims,
1118 929 1287 966 industria,
1311 938 1366 968 pe-

213 987 295 1016 ritia.
335 984 397 1015 Sed
423 988 521 1015 artem
547 988 579 1015 et
598 983 773 1022 scientiam,
797 995 874 1024 quas
894 983 1040 1014 hocloco
1057 983 1245 1015 Aristoteles
1269 983 1365 1025 signi-

213 1041 296 1072 ficari
314 1041 389 1078 vult,
414 1040 547 1071 solemni
564 1039 718 1071 vocabulo
736 1050 860 1080 semper
877 1036 1002 1080 &ardysu-
1026 1043 1198 1080 nuncupat,
1221 1044 1257 1070 ut
1271 1039 1366 1080 paulo

213 1097 290 1127 infra
314 1107 340 1127 c.
366 1096 396 1134 2,
421 1097 449 1137 ξ.
475 1096 493 1127 3
518 1101 551 1127 ct
575 1095 605 1133 6,
629 1100 662 1127 et
685 1095 716 1126 in
736 1095 967 1136 Metaphysicis
991 1094 1123 1136 ubique3
1147 1106 1205 1126 nec
1228 1106 1364 1136 unquam

212 1152 288 1183 totis
311 1152 342 1182 in
367 1151 488 1182 Ethicis
514 1148 600 1192 ἀρετή
630 1151 690 1182 alio
720 1161 816 1182 sensu
839 1155 1022 1192 usurpatur,
1053 1162 1089 1182 ac
1112 1150 1240 1192 proprio
1270 1161 1366 1183 sensu

215 1207 347 1238 virtutis.
404 1208 476 1239 Jam
513 1218 607 1238 sensu
646 1211 788 1238 nostram
822 1206 990 1238 lectionem
1025 1203 1139 1248 δύναμιν
1173 1207 1387 1248 postulante‚'

213 1273 281 1294 cam
316 1263 459 1294 codicum
490 1274 613 1303 quoque
650 1263 836 1294 auctoritate
864 1263 1083 1294 confirmatam
1112 1262 1266 1294 videmus.
1318 1262 1365 1294 Ita

213 1318 297 1349 enirn
321 1318 429 1359 legunt
459 1328 569 1349 omnes
600 1329 655 1349 sex
678 1318 815 1349 Bekkeri
845 1318 971 1350 codices
1001 1318 1094 1359 (inter
1117 1329 1196 1360 quos
1220 1319 1364 1350 Lauren-

214 1373 317 1404 tianus
343 1374 506 1405 Cardwclli
529 1379 560 1405 et
584 1374 767 1405 Parisiensis
792 1384 882 1405 meus
907 1374 958 1413 A),
982 1378 1146 1415 praeterea
1167 1375 1206 1412 Β,
1231 1374 1270 1412 C,
1294 1375 1364 1412 Par,

214 1429 263 1466 El,
279 1430 310 1460 N
314 1430 339 1460 C
359 1429 400 1469 (in
418 1430 555 1470 margine
573 1426 695 1470 ἀρετήν),
719 1435 751 1460 et
767 1429 909 1460 nonnulli
925 1429 1050 1461 codices
1066 1429 1208 1468 Victorii,
1231 1430 1364 1467 Veneta,

213 1485 451 1525 paraphrastes,
484 1485 680 1521 Eustratius‚
705 1485 934 1527 Argyropylus,
958 1485 1153 1524 Felicianus,
1176 1485 1364 1523 Lambinus,

213 1540 343 1576 Coracs,
363 1541 565 1579 Cardwellus,
582 1541 756 1572 Bekkerus.
792 1541 988 1573 Eustratius:
1012 1538 1124 1582 δύναμιν
1147 1540 1178 1572 δὲ
1200 1538 1249 1582 τὴν
1267 1541 1365 1582 τέχνην

214 1592 339 1635 ὠνόμασε
365 1593 411 1626 ὸιεὶ
438 1593 469 1626 τὸ
495 1594 599 1633 {mmm
628 1593 644 1637 r]
667 1594 722 1637 γάρ
746 1591 801 1637 ὅλη
826 1595 949 1639 ὁύγαμις·
978 1595 1026 1628 καὶ
1055 1597 1084 1628 αἱ
1108 1596 1208 1637 τέχναι
1239 1593 1365 1638 δυνάμεις

215 1646 248 1682 (ὗς
273 1649 444 1692 ἐγοεχέμεναι
470 1649 516 1682 καὶ
548 1649 577 1682 τὲ
603 1651 836 1693 ἐπαμφοτερίζειν
861 1650 982 1692 ἔχουσαι
1007 1651 1074 1692 περ(
1091 1665 1122 1683 τε
1146 1649 1294 1692 ἀπότευξιν
1317 1649 1365 1684 καὶ

212 1703 393 1743 κατέςὰωσιν
419 1707 467 1743 (cf.
492 1707 587 1738 Arist.
612 1709 699 1745 Met,
723 1708 782 1746 lx,
806 1709 837 1746 2,
862 1708 958 1748 8-9).
1003 1709 1097 1740 Artes
1121 1708 1268 1740 nimirum
1292 1712 1366 1740 sunt

214 1771 318 1791 merae
342 1761 514 1799 facultates,
538 1764 759 1796 necessitatem
782 1774 846 1795 non
870 1763 1036 1802 habentes,
1060 1774 1131 1795 cum
1151 1764 1292 1802 materia,
1315 1763 1365 1796 cui

212 1816 328 1846 forinas
353 1828 425 1846 suas
451 1817 643 1857 imprimunt,
666 1825 701 1850 ut
724 1820 763 1850 ad
780 1825 884 1851 actum
905 1819 1090 1860 procedant,
1114 1819 1308 1852 extrinsecus
1327 1819 1364 1852 iis

212 1871 286 1901 data
310 1872 359 1903 sit.
378 1890 420 1894 —
437 1874 685 1915 χαλιιεπειητικῆ)
710 1875 874 1907 Bekkerus
896 1875 980 1906 unici
1005 1875 1122 1906 codicis
1139 1875 1364 1915 (Laurentiani,

213 1925 270 1965 Kb)
302 1932 395 1957 aucto
404 1927 526 1959 ritatem
552 1935 677 1960 secutus
707 1927 910 1972 χαλινοποιική
932 1930 1046 1968 edidit,
1069 1935 1230 1972 pugnante
1251 1941 1311 1962 usu
1333 1934 1366 1962 et

213 1982 363 2023 analogia.
416 1983 606 2014 Cardu-ellus
629 1996 669 2015 ne
693 1986 782 2017 affert
804 1986 930 2027 quidem
946 1986 1046 2018 ¹istam
1072 1986 1241 2018 lectionem
1264 1997 1282 2018 e
1307 1995 1365 2018 suo

213 2038 330 2068 codice.
348 2057 389 2062 —
419 2038 447 2068 ὸὲ
475 2036 587 2077 τρόπω)
613 2037 649 2079 er]
672 2051 728 2080 pro
753 2041 785 2071 ὸέ
805 2042 905 2073 Bekk.
930 2042 997 2074 sine
1019 2041 1103 2074 varia
1125 2041 1267 2074 codicum
1290 2031 1364 2073 suf)-

215 2103 281 2121 rum
297 2093 449 2127 lectione:
468 2094 521 2123 sed
535 2094 660 2135 saepius
674 2100 890 2135 permutantur
902 2097 932 2128 in
944 2097 1032 2129 libris
1044 2097 1123 2129 istae
1134 2096 1363 2138 particulae.—

215 2150 234 2177 ει
256 2144 382 2179 άτάτακ
400 2148 441 2186 δέ)
467 2149 622 2181 particula
645 2150 678 2180 ὁέ
700 2151 791 2190 longa
812 2153 991 2191 parenthesi
1015 2153 1188 2195 interjecta,
1212 2151 1364 2193 apodosin
