1439 2342
205 74 253 109 66
495 73 674 99 Commenmr.
703 71 736 96 nd
758 71 865 97 Aristot.
887 69 972 96 Ethie.
996 68 1098 96 Nicom.

209 183 320 218 culam,
346 189 423 222 quae
447 179 476 209 in
494 177 686 209 editionibus
709 177 773 208 fere
797 175 943 207 omnibus
959 181 1074 214 exstat,
1097 176 1189 208 simul
1205 176 1359 217 expunxi·-
1378 177 1387 192 ’

210 248 279 268 inus
304 234 496 267 Cardwellus
520 238 552 264 et
575 244 634 274 ego
659 236 754 274 (quos
779 235 906 263 secutus
929 236 980 262 est
1002 231 1194 271 Bekkerus),
1227 237 1359 274 uterque

209 292 363 332 vulgatam
389 300 447 320 suo
471 288 628 329 corrigens
644 287 782 329 ingenio,
806 297 877 318 cum
901 277 1005 318 neutri
1027 287 1154 319 alterius
1170 287 1267 319 editio
1283 292 1360 320 notu

208 358 278 378 esse
302 345 450 387 potuerit.
496 345 564 375 Nec
586 343 657 374 ferri
679 348 787 384 potest
810 356 855 380 ως.
898 343 980 374 Nam
1005 339 1040 379 ὡς
1064 343 1090 374 si
1113 343 1236 385 legeris,
1261 343 1394 386 habe-⁸

208 403 255 434 bis
282 401 470 433 Christianis
501 399 696 440 temporibus
721 399 968 440 xulgatissimam
993 398 1150 440 querelam
1175 399 1214 430 de
1243 398 1375 431 caduca
1375 413 1399 453 x(
1438 416 1439 420 =

208 458 344 489 hominis
376 462 486 487 natura
516 455 558 486 nil
589 455 717 495 perfecti
749 454 909 496 acquirere
939 454 1090 493 valentis3
1121 455 1209 496 quasi
1240 455 1389 486 homini
1388 497 1389 501 Ἰ

209 515 322 544 human
328 525 344 543 a
368 517 489 543 tantum
515 510 677 551 contingat
699 510 847 548 felicitas,
879 510 923 541 ita
945 515 981 540 ut
1003 520 1076 541 vera
1098 510 1180 541 foret
1203 510 1360 551 proverbii

210 580 303 610 supra
316 568 365 607 (ad
379 580 405 598 c.
420 569 450 606 2,
465 568 492 607 ξ.
511 567 537 604 Ι,
550 577 581 607 p.
595 565 626 605 6)
648 565 734 597 citati
752 565 940 604 exhortatio,
965 577 1058 606 quam
1076 565 1192 598 refutat
1201 567 1358 599 Aristote-
1380 598 1382 602 ,

207 625 270 656 les:
297 624 440 654 Humana
464 633 523 653 nos
540 632 650 662 sapere
674 626 831 663 oportere,
855 632 926 652 cum
943 621 1040 652 simus
1062 621 1217 653 homines.
1253 622 1378 664 ltaque.

209 681 319 710 mirum
345 689 406 709 non
432 683 491 715 est,
514 683 549 708 ut
573 677 650 709 haec
673 677 776 715 lectio,
801 678 984 718 praesertim
1009 678 1083 709 inde
1102 689 1120 709 a
1136 678 1381 710 parisiensium.

209 736 362 766 editorum
393 733 606 775 temporibuS,
641 733 672 764 in
702 733 870 774 praecipua
899 734 1017 765 scilicet
1045 734 1238 775 Theologiae
1269 734 1358 766 Chri·
1381 727 1400 789 'i'

208 793 327 823 stianae
351 790 436 828 sede,
460 790 491 820 in
516 800 626 820 omnes
650 789 806 820 editiones
830 789 962 830 migrare
985 790 1132 830 potuerit.
1172 790 1390 825 Aristotelesl

208 858 281 879 vero
297 846 400 877 dicere
421 846 499 884 vult,
522 846 694 882 hominem,
717 845 778 876 etsi
801 845 935 886 quadam
958 850 1051 876 tenus
1075 846 1218 877 fortunae
1240 845 1359 878 vicibus

208 902 368 944 expositus
400 906 432 933 et
460 901 621 943 subjectus
649 901 706 939 sit,
744 906 849 932 tamen
889 901 1023 942 aliquam
1056 900 1171 933 habere
1198 902 1357 944 regionem
1376 912 1399 942 J*

209 958 417 989 mutationum
447 957 568 989 illarum
593 961 772 998 expertem,
804 967 919 997 nempe
951 956 1186 998 cogitationem.
1232 958 1359 989 Homini
1376 947 1399 991 Ι,

207 1014 298 1055 igitur
314 1013 488 1045 secundum
504 1013 707 1044 Aristotelem
724 1017 856 1053 utraque
873 1012 1004 1043 felicitas
1020 1013 1183 1054 competit,
1207 1018 1240 1044 et
1255 1013 1359 1045 divina

207 1075 239 1100 et
261 1070 414 1108 liumana3
439 1069 470 1100 id
494 1069 595 1110 quod,
619 1068 727 1100 addito
750 1067 796 1109 μέν
821 1074 853 1099 et
877 1064 927 1100 ὡς,
951 1068 1080 1109 intelligi
1103 1069 1222 1110 nequit.
1375 1086 1389 1130 q

296 1124 395 1156 CAP.
421 1123 480 1154 xl.
527 1125 555 1165 ξ.
588 1124 617 1156 1.
665 1121 766 1164 τύχας)
799 1124 884 1155 Dum
910 1124 1060 1161 vivimus,
1093 1125 1250 1157 secundae
1281 1125 1359 1157 ami—

209 1192 313 1212 corum
338 1182 481 1212 fortunae
505 1185 580 1211 sunt
601 1179 685 1211 bona
707 1185 846 1211 externa.

296 1237 324 1277 ᾧ.
348 1237 459 1270 3—5.
505 1236 696 1267 Acutissime
728 1235 807 1267 vidit
830 1235 994 1267 Bekkerus
1018 1236 1102 1277 quod
1132 1237 1228 1268 sciam
1259 1237 1357 1274 solus,

208 1293 263 1323 has
289 1292 597 1334 §§.c(›11jungendas
621 1302 708 1329 esse,
732 1292 776 1323 ita
798 1295 834 1323 ut
858 1291 994 1332 protasis
1018 1297 1158 1324 recurrat
1182 1291 1210 1333 ξ.
1236 1292 1266 1324 4.
1291 1295 1355 1323 ὸιιι-
1375 1327 1383 1338 ,ἣ

208 1348 284 1388 φέρει
317 1349 361 1380 ὁέ.
393 1353 425 1379 et
453 1348 604 1390 apodosis
636 1359 653 1378 a
684 1347 884 1388 συλλογιστέον
915 1348 1043 1378 demum
1073 1348 1229 1386 ordiatur,
1261 1342 1387 1389 quutn'fi

207 1404 342 1445 alioquin
369 1404 393 1435 εἰ
414 1402 450 1445 ὸή
480 1403 612 1445 apodosi
636 1408 668 1435 et
691 1403 778 1434 omni
801 1404 880 1435 adeo
905 1415 1000 1435 sensu
1024 1409 1159 1442 careret3
1193 1401 1230 1444 δή
1252 1409 1362 1435 autem.
1400 1415 1401 1418 ¹

207 1461 236 1490 in
262 1460 394 1501 apodosi
417 1460 510 1491 ctiam
528 1465 614 1491 recte
631 1470 665 1491 se
681 1459 785 1491 habet.
823 1459 930 1501 ltaque
946 1465 1074 1491 nostrae
1091 1459 1238 1492 editionis
1260 1460 1357 1491 inter·

207 1515 409 1556 punctionem
435 1517 533 1547 lector
555 1520 591 1546 ut
613 1520 734 1554 mutet,
758 1526 934 1556 precamur,

296 1572 324 1612 ξ.
355 1572 385 1603 4.
440 1568 650 1611 προϋπάρχειν)
687 1571 890 1603 Calainitates
923 1571 1062 1609 futurae,
1097 1581 1177 1612 quae
1206 1575 1292 1602 metu
1325 1574 1358 1602 et

208 1626 412 1667 cogitatione,
443 1638 505 1657 non
536 1638 632 1658 sensu
663 1627 898 1668 concipiuntur,
929 1627 1050 1658 minore
1074 1626 1182 1658 dolore
1205 1638 1264 1658 nos
1289 1595 1381 1669 afli-5⁴

208 1681 294 1712 ciunt
314 1682 548 1721 praesentibus3
573 1687 609 1714 ut
624 1688 657 1714 et
680 1683 711 1714 in
727 1683 896 1724 tragoediis
919 1694 970 1715 res
986 1688 1122 1720 atroces,
1146 1683 1172 1713 si
1187 1682 1372 1721 recitentur:

209 1736 404 1777 praeteritae,
429 1737 528 1768 lenius
553 1738 692 1770 afficiunt
715 1743 928 1780 spectatorum
953 1739 1086 1776 animos,
1111 1749 1205 1779 quam
1222 1738 1249 1769 si
1265 1749 1354 1780 prae-

207 1797 313 1823 sentes
338 1797 477 1832 agantur.
524 1793 611 1824 Haec
635 1799 684 1825 cst
707 1806 810 1833 causa,
835 1805 890 1826 cur
910 1794 1094 1832 Aesthetici,
1119 1794 1171 1835 qui
1194 1799 1370 1833 vocantur,'

206 1847 360 1879 atrociora
390 1851 422 1877 et
451 1848 623 1879 crudeliora
653 1861 714 1880 non
745 1850 848 1891 ipsum
879 1849 1109 1892 tragoediarum
1136 1855 1381 1899 argumentum}¹

206 1913 276 1934 esse
308 1902 419 1939 velint,
449 1902 519 1933 ferri
550 1908 655 1935 tamen
686 1916 781 1946 posse
805 1906 996 1943 concedant,
1027 1906 1054 1937 si
1077 1905 1212 1947 tragicae
1242 1903 1372 1937 actioni·

206 1958 396 2000 praecedant
424 1963 456 1989 ct
478 1957 567 1989 initio
596 1961 824 1999 tragoediarum
848 1966 1063 2003 exponantur,
1099 1961 1187 2002 quasi
1216 1960 1381 2002 conditio„.

206 2020 237 2046 et
259 2025 363 2052 causa,
388 2024 405 2045 e
429 2025 489 2057 qua
511 2014 647 2054 pendeat
667 2016 756 2050 actio.
796 2017 830 2048 ln
853 2017 983 2049 Poetice
1006 2018 1083 2049 haec
1098 2018 1219 2049 Noster
1239 2013 1279 2048 ταὶ
1299 2013 1389 2057 ἔξω.

207 2070 252 2110 τῆς
278 2068 440 2110 ,τραγῳδίας
464 2069 620 2108 nominat,
644 2072 823 2112 postulans,
848 2078 884 2104 ut
907 2084 986 2115 quae
1007 2073 1112 2105 minus
1135 2071 1314 2105 verisimilia
1334 2081 1369 2103 ι·

205 2125 274 2156 Diis
308 2126 388 2157 sacta
418 2125 498 2164 sint,
532 2136 594 2157 non
630 2125 661 2157 in
697 2128 855 2169 tragoedia
890 2129 959 2170 ipsa
993 2133 1140 2171 agantur,
1175 2128 1231 2160 sed
1265 2131 1351 2160 extit
