1444 2322
512 46 678 81 Conspectus
700 47 759 73 libri
782 47 824 73 lV.
1169 38 1240 65 XXV

230 160 274 176 οισι.
298 147 467 182 Magnificum
490 146 526 173 ita
547 148 644 173 versari
668 147 693 173 in
715 157 762 174 sua
782 148 899 180 materia,
922 151 947 174 ut
961 156 1006 174 eos
1029 144 1105 171 saciat
1130 146 1242 170 sumtus,

295 188 339 222 qui
362 195 440 222 opere
461 186 513 212 siut
536 187 618 221 digni.
641 189 665 219 S.
688 185 775 214 5-9.

226 233 273 260 ββ.
296 227 326 252 ln
347 226 444 261 quibus
466 225 544 252 rebus
566 227 735 260 potissimum
758 227 784 252 1ιί
806 233 909 253 sumtus
936 226 989 253 fleri
1013 225 1124 251 soleant.
1147 222 1172 252 §—
1199 216 1240 245 ¹0·

227 279 277 300 77.
295 265 333 292 Ad
355 274 420 300 quas
442 274 567 300 personas
588 267 735 299 pertineant
758 266 784 292 1ιί
807 272 919 293 sumtus.
941 268 966 298 S.
994 260 1114 292 11-13-

227 304 270 334 ὃὸ.
293 305 322 331 In
344 305 440 340 quibus
463 305 587 340 operibus
609 306 688 331 etiam
711 306 736 331 1ιί
759 312 861 332 sununs
874 306 975 340 possint
988 305 1051 331 ficri.
1074 305 1099 335 S.
1119 299 1241 330 l-l—lS·

187 358 216 379 γ.
238 345 278 371 De
300 344 369 370 vitiis
391 344 414 370 ei
437 345 526 370 virtuti
547 345 690 378 oppositis.
716 347 741 377 S.
768 342 891 372 19—21.

226 397 271 412 aa.
295 384 334 410 De
357 384 506 410 insolentia.
529 385 553 415 S.
581 382 622 411 19.

227 429 274 457 ββ.
295 423 336 450 De
359 423 492 450 sordibus.
513 424 538 455 S.
563 421 607 450 10.

225 476 275 497 W-
298 463 371 489 Haec
392 463 455 488 vitia
477 464 575 489 nullam
598 463 769 497 turpitudinis
792 468 881 489 notnm
905 464 1016 490 inurere.
1040 464 1066 495 S.
1088 459 1135 489 ¹21·

127 500 155 531 3.
178 503 296 528 Virtutes
317 502 343 528 in
365 503 516 537 quaerendo
538 502 640 529 honore
661 508 806 529 versantes.
827 512 851 529 c.
873 500 890 530 3
933 501 959 530 4.

157 551 183 569 a·
205 542 316 576 Caput
339 542 496 568 tertium:
519 542 558 568 De
580 543 798 576 magnanimitate
820 549 845 569 et
867 543 922 576 ejus
944 543 1076 569 extremis.

186 594 213 610 αι.
236 581 347 607 Materia
368 586 393 607 et
415 581 583 608 definitiones
604 583 830 616 magnanimitatis
852 588 877 609 et
906 583 1027 609 vitiorum
1057 583 1080 608 ei
1106 578 1242 614 0111105110·

235 630 302 647 rum.
324 623 349 653 S.
374 619 478 648 1-14.

186 667 213 695 β.
236 661 438 693 Describuntur,
459 661 503 696 qui
524 661 565 686 his
587 661 722 687 habitibus
744 661 856 697 praediti
879 666 949 687 sunt.
971 664 996 694 S.
1024 655 1145 689 15—34.

226 712 272 728 aa.
296 700 491 734 Magnanimus.
514 702 538 732 S.
563 698 688 728 15—32.

225 746 271 775 ββ.
294 740 489 766 Pusillauimus.
511 741 536 772 S.
559 737 605 768 33.

226 792 276 813 77.
292 779 410 806 Inflatus.
432 781 456 811 S.
479 777 526 807 34.

185 832 213 854 7.
237 819 485 845 Pusillanirnituteni
507 819 591 853 magis
612 819 736 853 superbia
758 819 848 846 rii-tuti
870 820 1021 854 oppositam
1043 829 1112 847 esse.
1134 822 1158 853 S.
1181 818 1227 848 35⁴

156 860 180 885 b.
202 859 314 893 Caput
337 864 507 894 quartum:
529 859 570 885 De
591 859 724 885 modestia
745 864 770 885 et
792 859 847 892 ejus
869 860 1000 887 extremis.

187 912 214 927 a.
237 898 343 924 Versari
365 899 434 924 eirca
455 908 563 933 parrum
586 898 723 924 honorem.
746 901 771 930 S.
796 896 882 926 1-2-

185 944 214 973 β.
237 937 292 963 Cm·
314 941 431 964 extrema
452 936 591 974 φιλίτεμον
614 943 639 964 et
661 937 819 975 αἰφιλέτιμω
843 939 924 965 modo
954 940 1132 973 vituperemus
1162 939 1242 964 modo

237 977 383 1003 laudemus.
406 979 430 1009 S.
454 975 540 1005 3-4.

187 1029 215 1050 ‘l-
238 1017 306 1043 Cum
328 1017 497 1044 mediocritas
517 1018 626 1043 nomine
647 1022 733 1043 cureat
756 1018 873 1052 proprio,
896 1022 920 1043 et
947 1018 1030 1052 ipsam
1058 1017 1091 1042 ab
1118 1020 1243 1044 extremis

238 1065 334 1082 nomen
356 1057 474 1092 accipere
496 1061 521 1083 et
543 1062 659 1083 extrema
681 1057 748 1083 inter
769 1066 796 1083 se
817 1067 942 1092 pugnare.
965 1060 990 1089 S.
1012 1055 1098 1083 5-6.

87 1094 122 1121 Π.
144 1096 184 1122 De
205 1096 355 1127 virtutibus,
377 1105 443 1131 quae
466 1096 493 1122 in
515 1097 633 1130 appetitu
656 1097 746 1122 sociali
770 1103 916 1123 versantur.
938 1098 968 1123 L.
992 1097 1035 1127 IV,
1058 1106 1079 1122 e.
1102 1097 1190 1123 s—L.
1211 1098 1241 1123 V.

130 1133 155 1162 1.
177 1136 290 1170 Caput
311 1136 488 1170 quintum:
511 1136 551 1162 De
573 1136 784 1167 mansuetudine,
806 1136 914 1171 ejusque
935 1137 1068 1163 extremis.

157 1183 182 1203 a.
206 1175 246 1200 Ita
267 1175 428 1201 definiuntur
448 1175 475 1201 hi
497 1175 613 1207 habitus,
635 1181 662 1202 ut
685 1176 804 1208 materia,
827 1176 896 1202 circa
920 1185 999 1212 quam
1027 1181 1178 1208 versentur,
1206 1177 1243 1201 ira

207 1223 266 1240 esse
288 1215 397 1241 dicatur.
424 1217 448 1247 S.
474 1213 559 1244 1—2.

158 1254 181 1280 b.
202 1254 395 1281 Describuntur
417 1255 518 1281 medius
541 1260 566 1282 et
589 1254 705 1281 extremi.
729 1256 754 1287 S.
777 1252 884 1282 3-11,

187 1294 399 1321 a.'Mansuetus.
422 1296 446 1326 S.
469 1292 554 1323 3-4.

186 1339 215 1366 β.
236 1333 277 1359 De
299 1334 464 1366 lentitudine,
486 1335 530 1369 qui
553 1339 592 1361 est
615 1334 741 1360 defectus.
765 1336 789 1366 S.
812 1332 899 1361 5-6.

187 1385 215 1406 y.
237 1373 278 1400 De
300 1374 445 1406 iracundia,
466 1374 511 1409 qui
533 1379 573 1400 est
595 1383 726 1406 excessus,
749 1374 855 1409 ejusque
877 1373 1025 1408 speciebus.
1051 1376 1074 1406 S.
1098 1372 1139 1401 7-
1161 1373 1202 1402 ll.

227 1425 273 1441 aa.
296 1412 419 1439 Iracundi
441 1419 467 1440 et
488 1423 590 1440 summe
611 1414 709 1440 biliosi.
731 1416 756 1445 S.
778 1411 865 1441 8-9.

226 1458 272 1486 ββ.
295 1453 390 1479 Acerbi
412 1458 438 1479 et
459 1453 649 1488 implacabiles.
672 1454 696 1485 S.
722 1451 765 1481 10.

227 1505 276 1526 77.
293 1491 391 1518 quensi
414 1497 438 1519 et
459 1493 539 1519 saevi.
563 1495 588 1525 S.
614 1491 657 1520 ll.

157 1540 180 1557 c.
202 1531 378 1566 Compar-atur
400 1533 481 1558 virtus
504 1542 562 1559 cum
586 1533 657 1559 vitiis
679 1532 729 1566 ipsi
753 1532 892 1567 oppositis.
916 1534 941 1564 S.
965 1529 1089 1559 12—1-1.

127 1568 154 1597 2.
178 1571 296 1597 Virtutes
318 1575 343 1597 et
366 1572 428 1598 vitia
449 1573 476 1598 in
497 1581 649 1598 sermonum
671 1578 697 1598 et
719 1572 858 1597 verborum
886 1572 1076 1598 communitate
1105 1574 1243 1598 versantia.

178 1618 200 1636 c.
223 1607 308 1637 6-9.

157 1659 181 1675 a.
203 1649 313 1684 Caput
335 1655 485 1677 sextum:
508 1652 548 1677 De
570 1651 694 1677 comitate
716 1650 823 1685 ejusque
845 1651 977 1677 extremis.

188 1702 215 1717 a.
237 1689 349 1716 Materia
371 1695 395 1716 et
418 1690 536 1716 definitio
558 1690 662 1716 virtutis
684 1696 709 1716 et
722 1691 845 1717 vitiorum
867 1691 890 1716 ei
912 1690 1107 1725 oppositorum.
1120 1692 1145 1723 S.
1161 1689 1244 1718 1—2.

185 1734 212 1763 β.
235 1729 402 1756 Describitur
423 1730 515 1756 comis.
538 1732 563 1762 S.
585 1727 672 1757 3-8.

227 1782 271 1796 ax.
297 1769 441 1799 Quomodo
463 1770 574 1795 comitas
597 1769 698 1796 differat
720 1769 753 1795 ab
776 1769 900 1796 amicitia.
923 1771 948 1801 S.
970 1767 988 1796 4
1003 1769 1058 1797 -5,

224 1814 270 1843 ββ.
293 1809 369 1838 Quae
391 1809 444 1835 sint
466 1809 642 1844 proprietates
664 1809 710 1835 viri
732 1809 824 1835 comis.
847 1811 871 1841 S.
895 1807 981 1837 G—S.

187 1860 215 1882 γ.
238 1848 279 1874 De
301 1848 431 1875 ambobus
454 1849 523 1874 vitiis
545 1858 684 1881 excessus,
711 1849 885 1884 obsequentia
913 1854 938 1875 et
965 1850 1129 1875 adulatione:
1159 1854 1184 1875 et
1211 1849 1243 1875 tle

238 1888 403 1919 morositate,
424 1888 468 1923 qui
490 1893 530 1914 est
552 1888 679 1915 derectus.
701 1890 726 1920 S.
748 1886 775 1916 9.

174 1947 180 1953 .
202 1926 317 1961 Caput
339 1928 541 1962 septimum:
563 1929 603 1954 De
625 1929 775 1954 sinceritate
797 1934 822 1954 et
845 1927 900 1961 ejus
921 1929 1054 1957 extremis.

186 1979 212 1995 a.
236 1966 311 1995 Quat·
333 1967 366 1992 sit
388 1967 499 1993 materia
521 1968 616 1993 borum
638 1967 785 1994 habituum.
807 1970 832 2000 S.
858 1966 881 1995 l.

186 2012 212 2039 β.
236 2006 364 2032 Definitio
385 2006 465 2040 hujus
487 2007 592 2033 virtutis
613 2012 639 2034 et
660 2007 784 2033 vitiorum
807 2008 830 2033 ei
853 2007 1046 2042 oppositorum.
1068 2009 1094 2039 S.
1115 2003 1202 2032 2—6.

187 2058 215 2079 γ.
238 2045 439 2078 Describuntur,
460 2048 504 2080 qui
526 2046 567 2072 his
588 2046 722 2073 habitibus
744 2047 858 2082 praediti
880 2052 950 2074 sunt.
973 2049 996 2078 S.
1020 2044 1127 2074 7—10'.

226 2097 272 2112 οισι.
295 2085 427 2111 Sincerus.
450 2087 476 2117 S.
497 2084 583 2113 7-9.

228 2130 272 2152 86.
295 2124 461 2151 Ostentator.
483 2127 508 2157 S.
532 2122 656 2154 10—13.
