1439 2342
131 2076 134 2081 ’
183 2073 273 2103 candi
296 2072 395 2114 gratia
417 2072 556 2113 positum
577 2079 637 2111 est,
659 2073 786 2112 indicat,
811 2074 944 2105 eandem
967 2072 1233 2105 circumstantiam
1257 2069 1339 2113 (περὶ

186 68 255 104 108
468 71 646 96 Comuieutar.
675 69 708 95 nd
729 68 839 95 Aristot.
862 69 947 96 Ethic.
969 69 1072 95 Nicom.

183 184 215 211 et
246 180 297 212 17.
353 178 462 219 ltaque
491 187 564 208 cum
594 176 633 208 de
666 175 831 218 proposito
867 175 952 218 loqui
984 176 1016 208 iu
1046 175 1152 208 animo
1179 174 1335 215 habuerit,

183 245 278 276 supra
307 233 450 275 συμφέρον
484 232 581 264 modo
615 231 694 263 dixit
727 236 761 263 et
791 231 961 264 honestum
994 230 1087 263 nobis
1121 230 1335 273 supplendum

182 289 321 330 reliquit3
345 288 515 320 honestum
539 287 623 319 enim
648 287 690 318 ad
711 287 808 319 finem
832 292 974 329 spectat,
998 288 1208 320 instrumenta
1229 291 1335 319 autem

183 345 293 386 agendi
324 349 399 376 sunt
426 345 514 375 utilia
544 343 593 375 vel
623 344 698 374 bona
710 346 838 384 propter
861 344 961 383 aliiad,
996 343 1172 376 secundum
1196 354 1234 375 ea
1255 352 1337 384 quae

183 410 278 441 supra
301 399 444 431 distinxit
468 399 508 440 (1,
533 410 560 431 c.
584 398 615 438 6,
640 399 668 440 ᾤ.
690 397 740 439 9).
786 399 964 440 Ignorantia
986 405 1092 432 autem
1115 399 1146 430 in
1170 397 1336 441 proposito

182 456 254 487 ideo
278 466 342 487 non
366 460 416 487 est
438 455 677 493 universalium,
703 454 776 496 quia
798 454 1011 487 instrumenta
1034 456 1066 486 in
1090 454 1218 498 singulis
1241 453 1336 485 rebus

184 516 346 543 versantur
362 516 434 542 ante
451 511 608 542 actionem
625 521 684 541 nos
700 510 993 542 circumstantibus:
1010 511 1212 542 nihilominus
1227 515 1335 542 tamen

181 567 355 609 ignorantia
385 567 416 598 in
445 566 611 607 proposito
646 577 710 597 non
746 571 795 597 est
825 566 1002 607 ignorantia
1035 566 1108 598 facti
1137 566 1202 598 sive
1232 576 1336 597 rerum

182 622 398 664 singularium;
429 622 485 653 sed
508 632 619 653 omnes
643 621 894 653 circumstantias
919 622 1040 661 sciunt,
1070 627 1103 654 et
1125 627 1230 653 tamen
1254 621 1336 653 male

182 678 218 710 iis
250 683 382 710 utuntur
411 683 444 709 et
471 678 553 709 inter
584 689 637 709 eas
669 677 804 718 eligunt,
838 677 890 719 qui
919 678 950 708 in
981 678 1145 719 proposito
1177 678 1336 709 falluntur.

182 734 272 765 Hanc
295 733 502 765 differentiam
531 733 613 765 inter
636 733 865 774 ignorationem
897 734 968 765 finis
998 739 1030 765 et
1052 734 1282 776 ignorationem
1303 733 1335 765 in

181 789 346 831 proposito
376 790 520 831 exemplo
550 789 685 821 illustrat
709 789 904 830 Giphanius‚
942 801 1013 821 cum
1044 790 1134 828 dicit,
1170 780 1280 830 ἄγνοιαν
1311 788 1336 820 ἐν

182 844 347 885 προαιρέσει
383 845 524 877 accidere
559 844 828 877 incontinentibus
868 841 1053 885 (ἅκρατέσι).
1112 845 1238 877 Scilicet
1271 855 1335 876 non

182 906 286 932 errant
309 901 341 932 in
364 901 443 940 fine3
468 901 572 932 sciunt
595 901 678 932 enim
703 901 848 932 libidines
873 912 944 932 esse
967 901 1142 943 fugiendas,
1166 901 1225 932 sed
1248 901 1335 942 cupi—

183 957 255 988 dine
279 956 359 988 moti
383 957 423 988 de
446 957 495 988 via
519 957 688 995 decedunt,
713 968 792 998 quae
812 957 900 988 ducit
919 957 958 988 ad
978 957 1085 989 finem.
1119 957 1336 998 intemperans

183 1009 367 1053 (ἀκόλαστος)
393 1023 467 1044 vero
485 1012 663 1054 jucundum
688 1023 745 1053 pro
768 1013 853 1044 bono
879 1012 998 1044 habens
1016 1013 1193 1055 ignorantia
1211 1012 1335 1044 univer—

182 1069 292 1099 salium
318 1068 456 1106 laborat,
488 1080 576 1106 cum,
610 1080 690 1110 quae
720 1069 759 1099 ad
779 1068 955 1110 jucundum
980 1068 1187 1100 obtinendum
1210 1068 1335 1106 faciant,

181 1124 280 1165 probe
303 1125 391 1156 sciat.
415 1143 458 1147 —
483 1121 542 1155 066³
566 1121 582 1165 ἡ
606 1122 754 1163 καθόλου)
779 1124 959 1165 ignorantia
983 1125 1058 1155 boni
1080 1125 1152 1156 finis
1176 1129 1226 1155 est
1246 1124 1335 1165 igno-

181 1180 282 1211 rantia
311 1180 543 1212 universalium.
596 1181 640 1211 Et
669 1180 719 1211 hic
745 1180 811 1221 jam
842 1180 1021 1220 exemplum
1045 1181 1273 1221 Paraphrastae
1297 1178 1336 1210 ab

181 1235 332 1267 ebrietate
367 1240 506 1267 sumtum
542 1236 613 1266 ferri
647 1240 770 1276 potest,
811 1245 873 1275 quo
906 1234 1090 1266 ebrietatem
1125 1240 1334 1276 spontaneam

182 1296 312 1332 propter
334 1291 542 1332 ignorantiam
573 1291 648 1323 boni
677 1291 715 1322 ab
743 1290 895 1322 ebrietate
919 1301 982 1321 non
1007 1296 1184 1332 spontanea
1206 1295 1336 1332 propter

142 1337 144 1339 ,
180 1346 387 1387 ignorantiam
416 1347 489 1378 facti
518 1346 698 1387 distinguit·
734 1342 766 1377 οὗ
788 1343 843 1387 γάρ
868 1343 901 1376 τὸ
924 1343 1056 1378 καθόλου
1088 1359 1151 1386 περι
1173 1346 1222 1388 τῆς
1244 1345 1335 1388 μέθης

182 1399 285 1442 άγνῦξιν
310 1415 352 1433 ῦῒι
377 1414 512 1442 πονηΩΟν,
543 1415 590 1433 ut?
593 1415 632 1433 lov
655 1401 758 1442 γίνεται
781 1414 832 1433 ‘tou
854 1411 1007 1439 anovfftov,
1039 1399 1114 1434 ἄλλα
1138 1415 1172 1433 ΤΟ
1196 1414 1335 1443 αγνῡησαι

181 1471 296 1498 μερικως
319 1471 362 1498 τη,
357 1460 398 1488 ,ὁε
422 1455 470 1498 τὴν
493 1471 527 1499 με
522 1457 627 1490 ’ὲωὸοω
652 1471 718 1495 cccv,
742 1457 809 1498 φερε
833 1457 928 1495 ειπεῖν,
953 1471 1003 1490 ουκ
1020 1455 1116 1490 adora
1135 1458 1222 1500 μέχρι
1242 1455 1334 1490 πόσου

183 1512 293 1552 Πίόνῖᾶς
318 1512 353 1545 ἔνι
376 1511 498 1555 μὲἓύὲιγι

270 1570 298 1611 ξ.
326 1570 375 1603 16.
423 1566 454 1600 οὐ
477 1571 589 1610 χεῖρον)
614 1570 708 1601 Haud
729 1571 766 1602 ab
788 1580 823 1601 re
847 1571 921 1608 erik
943 1570 1057 1602 eodem
1081 1581 1177 1601 sensu
1200 1570 1335 1602 occurrit

181 1627 259 1657 infra
283 1625 334 1663 IV,
359 1637 386 1657 c.
412 1626 448 1663 7,
473 1626 501 1666 ξ.
526 1626 554 1658 1.
587 1644 628 1650 —-
660 1623 724 1666 περὶ
748 1621 817 1667 τίῆ
840 1626 866 1657 ἐν
886 1625 954 1666 τίνι)
985 1627 1133 1658 Donatus
1157 1625 1334 1667 Acciajolus

182 1681 207 1712 ἐν
230 1680 279 1712 τίνι
304 1681 344 1712 de
368 1681 438 1712 loco
468 1686 501 1712 et
522 1672 959 1724 temporem-euin
990 1682 1146 1723 significet
1175 1681 1334 1724 objectum

183 1737 326 1769 actionis.
351 1737 575 1778 Paraphrastes
589 1743 758 1780 utrumque
771 1738 888 1776 omisit,
903 1737 943 1776 τίς
950 1739 1017 1780 jam
1035 1738 1074 1770 de
1087 1749 1127 1770 eo
1145 1737 1333 1779 intelligens,

182 1794 212 1824 in
228 1803 321 1835 quem
337 1793 430 1824 cadat
442 1794 541 1824 actio:
571 1791 603 1824 τὸ
617 1790 705 1825 αὐτοῦ
725 1792 872 1831 πρόςωπον
885 1793 936 1825 τοῦ
951 1791 1020 1833 πρὸς
1034 1789 1062 1825 ἕν
1078 1806 1117 1831 τις
1133 1795 1210 1824 ποιεῖ
1220 1786 1235 1824 ὃ
1249 1795 1332 1824 ποιεῖ’.

183 1849 312 1881 Rectius
336 1848 493 1889 interpres
516 1860 662 1890 graecus:
694 1848 726 1881 τὲ
756 1850 787 1882 ὁὶ
817 1848 880 1890 περὶ
909 1849 940 1881 τί
963 1847 1011 1881 καὶ
1041 1850 1065 1880 ἓν
1096 1848 1145 1880 τίνι
1169 1849 1221 1879 τοῦ
1245 1845 1333 1880 αὐτοῦ

182 1901 326 1945 δηλωτικᾶ
354 1902 437 1935 ἔοικεν
455 1902 532 1941 εἶναι,
551 1905 601 1935 τοῦ
620 1903 681 1943 περὶ
703 1905 733 1936 τί
746 1902 920 1948 ὑποκείμενον
946 1903 994 1937 καὶ
1018 1905 1043 1936 ἐν
1062 1904 1111 1936 τίνι
1128 1901 1297 1947 ὑποκειμένῳ
1314 1900 1332 1945 ἦ

184 1960 292 2000 πρᾶξις.
324 1960 448 2001 Nempe
472 1965 565 1992 antea
581 1961 767 1994 Aristoteles
791 1962 912 1994 dixerat
933 1961 991 1996 καί,
1015 1966 1051 1992 ut
1071 1972 1186 1992 novam
1203 1960 1334 1992 adderet

182 2016 448 2048 circumstantiam
460 2030 469 2053 ς
488 2016 607 2048 addens
619 2028 694 2048 vcro
708 2010 733 2057 ἦ
749 2019 832 2059 quod
845 2018 970 2059 saepius
984 2028 1040 2059 per
1053 2018 1111 2048 hos
1123 2016 1220 2048 libros
1233 2016 1331 2058 expli-

186 2127 226 2166 τί)
254 2139 334 2159 nova
358 2129 490 2169 quadam
515 2129 674 2161 locutione
699 2130 735 2167 (ἐν
754 2130 810 2167 τίνι)
837 2142 853 2161 a
878 2141 911 2161 se
935 2129 1202 2170 circumscriptam
1224 2128 1331 2160 fuisse.
1356 2141 1374 2155 s

1332 2186 1373 2267 π,
