1439 2342
678 0 1439 17 ff*—

493 84 567 112 Libri
581 84 628 115 lv.
649 84 715 120 cap.
730 85 754 112 11
777 85 845 119 (iv).
1185 84 1254 121 137

97 193 225 236 quentia
247 193 438 225 ostendunt:
473 195 613 234 quantum
634 203 693 224 non
716 193 828 231 debent,
851 193 1007 230 anserum&
1043 193 1160 236 quippe
1183 204 1253 226 cum

96 248 217 281 minore
241 249 388 280 mercede
411 248 553 280 contenti
581 258 652 280 esse
677 247 865 280 debuerunt.
918 248 1107 290 Designavit
1130 249 1253 281 Aristo-

95 304 173 336 teles
196 304 228 335 id
249 315 349 346 genus
372 304 554 341 hominum,
585 314 665 345 quos
691 303 775 335 Galli
798 314 992 344 escroqueurs
1014 304 1153 336 vocitare
1177 316 1253 337 con-

17 351 23 402 Ῐ
95 364 275 392 sueverunt.
322 359 475 391 Subtilius
505 370 600 400 quam
631 359 734 391 verius
763 359 956 398 Lambinus,
986 362 1168 401 eoez‘yuum
1193 363 1255 393 lu-

94 426 197 448 crum
211 427 266 447 ma
270 426 345 456 qna
360 425 480 447 merce
488 416 529 446 de
545 416 735 455 accipientes,
752 420 890 454 vertens,
908 426 1054 456 magnam
1074 417 1254 449 mercedem

94 471 155 503 hoc
177 471 248 503 loco
272 471 447 513 significare
470 470 652 503 contendit:
687 481 794 511 mamm
822 472 946 502 honoris
968 474 997 502 et
1017 472 1140 503 virtutis
1163 473 1255 504 detri⁴

94 531 198 560 mento.

183 601 212 641 ξ.
236 600 290 633 40.
336 596 376 642 μὴ
401 593 467 632 ἕθεν
491 600 552 637 δεῖ)
576 595 615 640 μὴ
641 592 706 630 ἕθεν
729 598 760 629 δὲ
786 600 833 629 δεῖ
853 598 1046 630 VVilkinsoni
1071 603 1102 630 et
1117 599 1255 631 Bekkeri

95 656 221 688 codices
245 661 381 697 excepto
405 656 467 694 H³3
491 654 655 686 Bekkerus
679 655 711 685 in
734 659 858 685 textum
881 654 1011 695 recepit.
1057 654 1175 686 Zellius
1199 666 1254 686 va-

94 713 172 743 riam
194 711 365 743 lectionem
388 722 453 742 non
476 710 610 741 notavit.
635 728 676 733 -
712 706 776 742 οὐδὲ
800 710 928 751 λέγομεν)
951 710 1030 750 NC,
1062 710 1255 743 Cardwellus

95 773 127 800 et
148 768 313 800 Bekkerus
344 767 470 799 codices
502 777 577 797 suos
609 765 665 806 (11³
697 765 811 796 iterum
846 768 995 806 excepto)
1027 767 1145 805 secuti,
1174 768 1254 806 Ven,

96 824 216 856 Coraes
244 824 354 865 legunt
383 819 415 853 εὖ
443 833 502 863 pro
532 817 607 852 οὗὸέ.
668 821 776 852 Possit
813 817 880 852 εὖὸέ
908 821 1051 852 defendi:
1088 823 1254 863 Tyrannos

94 890 168 912 vero
198 890 240 911 ne
271 890 382 910 avaros
412 878 539 919 quidem
568 876 788 915 nominamus,
823 876 941 908 nedum
972 877 1074 918 turpis
1107 878 1254 910 avaritiae

95 934 370 975 (αῖσκρεκερὸείας)
405 944 601 965 accusamus.
670 932 752 971 Sed,
788 931 820 962 οέ
848 933 985 974 rejecto,
1022 933 1193 975 simplicior
1217 934 1254 965 fit

95 997 206 1022 oratio.

184 1070 285 1102 CAP.
310 1069 355 1100 Π.
403 1070 429 1111 ξ.
457 1071 486 1102 1.
533 1070 627 1110 (Cap.
652 1069 719 1107 IV.)
745 1065 832 1109 :uia-rs)
857 1069 976 1101 Coraes
1000 1065 1083 1111 αὕτη.

185 1140 212 1180 ξ.
237 1139 267 1170 2.
314 1134 501 1178 τριηράρχῳ)
535 1136 663 1177 Quippe
687 1136 739 1177 qui
761 1136 896 1168 Athenis
919 1137 1001 1169 inter
1024 1149 1079 1169 eos
1102 1142 1180 1178 erat,
1203 1139 1256 1180 qui

95 1193 256 1235 λειτουργεί
268 1193 462 1225 dicebantur.
484 1213 519 1216 —
545 1189 593 1223 καὶ
619 1187 648 1232 ἅ)
674 1189 739 1232 περὶ
757 1186 776 1223 :i'
791 1191 866 1230 >“C3
889 1190 938 1223 καὶ
962 1191 1026 1233 περὶ
1049 1189 1110 1225 HA
1126 1195 1254 1233 (secun—

93 1252 168 1282 dum
183 1249 369 1288 Millerum),
389 1250 416 1280 B
440 1252 475 1288 („
484 1248 624 1280 secunda
639 1259 752 1279 manus
768 1247 821 1279 καί
835 1248 949 1289 adjecit
958 1251 1004 1287 ς’),
1027 1249 1084 1288 H³,
1108 1248 1166 1289 Nb,
1192 1249 1250 1290 Ob,

93 1308 174 1346 Ven,
190 1307 320 1345 Coraes,
336 1305 518 1343 Bekkerus;
540 1302 588 1335 καὶ
606 1301 669 1344 περὶ
683 1298 697 1334 ἕ
713 1304 763 1342 ΕΙ,
781 1304 879 1343 CCC,
891 1304 963 1343 Par,
980 1304 1037 1344 K,b
1053 1303 1099 1336 Lb
1121 1308 1252 1343 (secun-

94 1363 170 1394 dum
181 1362 388 1399 Bekkerum),
406 1359 469 1399 Mb,
491 1360 662 1402 Aspasius3
685 1360 728 1391 ita
743 1364 779 1391 ut
794 1360 952 1401 vulgatam
968 1358 1016 1392 καὶ
1033 1356 1052 1391 ἅ
1069 1361 1127 1392 soli
1142 1362 1204 1394 NC
1220 1368 1253 1394 et

93 1419 170 1450 Vrat
186 1422 343 1450 tueantur.
372 1417 474 1457 Supra
490 1416 624 1447 diximus
649 1416 704 1454 (ad
726 1416 762 1455 II,
787 1428 814 1448 c.
830 1417 859 1455 7,
885 1417 912 1457 ξ.
934 1417 989 1455 16)
1013 1416 1044 1447 in
1061 1417 1252 1457 universum,

94 1475 186 1516 hujus
211 1473 335 1505 virtutis
359 1472 611 1504 mediocritatem
638 1483 707 1504 esse
722 1472 961 1514 proportionem
979 1473 1147 1514 quandam.
1177 1473 1252 1505 Jam

94 1541 178 1562 nunc
201 1529 356 1571 triplicem
380 1528 472 1570 hujus
490 1527 704 1569 proportionis
720 1528 875 1559 rationem
891 1529 1012 1559 Noster
1027 1529 1157 1570 profert,
1181 1540 1253 1561 cum

94 1587 243 1618 decorum
266 1585 359 1626 hujus
383 1584 506 1615 virtutis
523 1584 647 1622 existat,
672 1583 698 1615 si
721 1584 884 1624 proportio
910 1589 1070 1616 servetur:
1095 1590 1256 1626 spectatur

95 1647 201 1674 autem
229 1641 379 1673 decorum
417 1640 450 1679 1)
475 1644 508 1670 et
530 1650 685 1680 personae
709 1650 790 1681 quae
820 1639 992 1680 impendit,
1028 1640 1063 1679 2)
1087 1645 1119 1672 et
1149 1641 1194 1673 rei
1222 1641 1255 1672 in

95 1708 190 1740 quam
212 1696 385 1738 impendit,
421 1696 456 1733 3)
487 1699 520 1726 et
541 1695 694 1736 pecuniae
725 1706 804 1737 quae
827 1695 1035 1737 impenditur3
1070 1707 1131 1738 qua
1157 1698 1255 1738 parti-

95 1754 182 1786 tione
210 1753 281 1794 ipse
310 1752 342 1783 in
373 1750 579 1783 describendo
609 1751 777 1792 magnifico
809 1762 884 1783 mox
913 1756 1020 1783 utetur
1050 1752 1136 1791 (vide
1167 1753 1254 1785 Con-

95 1811 266 1852 spectum).
320 1804 365 1839 T&
392 1806 498 1847 πρέπει·
528 1804 563 1848 ὀὴ
590 1803 659 1847 πρὲς
683 1804 767 1839 αὐτόν
796 1812 846 1839 est
869 1812 992 1839 sumtus
1023 1808 1157 1840 decorus
1180 1820 1254 1850 per-

95 1877 192 1897 sonae
216 1864 258 1906 (ξ.
277 1863 454 1903 11-13);
495 1859 543 1894 καὶ
573 1863 598 1894 ἐν
619 1856 644 1904 ᾧ
666 1868 716 1895 est
739 1874 819 1905 opus
843 1868 951 1895 sumtu
975 1863 1104 1906 dignum
1129 1865 1172 1906 (ᾧ.
1203 1865 1254 1904 10,

100 1921 280 1960 14—18);
324 1924 441 1959 restat,
476 1923 512 1951 ut
535 1924 659 1950 sumtus
683 1919 752 1960 ipse
776 1919 818 1951 sit
841 1920 1101 1952 accommodatus
1125 1922 1165 1952 ad
1187 1932 1254 1953 rem

96 1978 138 2018 (ξ.
156 1976 286 2016 5-9);
321 1977 382 2008 hoc
405 1975 508 2007 verbis
531 1973 579 2006 καὶ
602 1969 622 2007 ἑί
645 1975 833 2008 continetur.
887 1976 1051 2008 Habemus
1073 1976 1168 2018 igitur
1189 1982 1254 2009 tres

97 2032 270 2074 categorias
295 2032 325 2072 1)
349 2031 484 2073 primam
508 2042 624 2070 earum,
644 2042 722 2073 quas
746 2042 840 2073 supra
857 2032 907 2070 ΙΙΙ,
931 2043 958 2064 c.
979 2032 1007 2071 1,
1032 2032 1058 2073 ξ.
1079 2031 1128 2064 16.
1146 2037 1255 2064 auctor

96 2087 300 2120 memoravit:
323 2086 368 2126 τίς
389 2084 474 2128 (πρὸς
495 2083 613 2130 αὔτως
635 2088 671 2128 2)
696 2087 869 2119 secundam
893 2086 930 2126 τί,
954 2098 1034 2130 quae
1056 2088 1118 2120 hoc
1140 2088 1211 2120 loco
1234 2081 1254 2119 ἅ

97 2144 294 2176 nominatur:
329 2143 442 2176 modus
480 2143 563 2175 enim
596 2148 628 2176 et
665 2143 822 2184 quantitas
854 2147 978 2176 sumtus
1008 2149 1057 2176 est
1087 2143 1148 2176 hoc
1182 2144 1252 2176 loco
