1439 2342
138 60 207 96 174
416 61 595 88 Commenta.
617 58 652 85 ad
673 58 782 86 Aristot.
804 58 890 86 Etbic.
912 58 1015 86 Nicom.

135 168 399 211 permutationem
415 166 620 208 proportione
634 166 717 198 facta
733 169 907 207 aequentur
922 175 1019 208 opera
1034 169 1173 208 oportet.
1207 167 1295 204 Quod

134 228 162 256 ei
190 235 249 256 non
281 223 397 253 factum
425 221 534 260 fuerit,
569 221 643 259 sed,
678 220 828 263 operibus
862 231 927 253 non
960 221 1120 264 aequatis,
1155 222 1291 263 agricola

133 278 291 320 acceperit
313 277 472 315 calceum,
503 281 593 308 sutor
614 277 824 315 frumentum,
855 281 889 309 et
910 282 979 309 tum
1002 277 1131 309 demum
1154 277 1291 310 volueris

133 333 372 377 proportionem
402 333 520 372 facere,
550 337 586 364 ut
609 332 744 373 agricola
773 332 814 363 ad
838 337 996 372 sutorem,
1026 332 1071 364 ita
1098 333 1289 364 frumentum

133 391 172 422 ad
195 390 334 422 calceum
360 388 506 429 (agricola
529 393 562 420 et
585 388 706 420 calceus
730 397 774 420 z
797 388 896 420 sutori
919 393 952 420 et
974 389 1142 429 frumento)
1165 389 1291 420 alteo-m

131 449 297 477 eoetrenzum
327 444 410 482 (vel,
438 448 475 475 ut
503 443 639 485 explicat
670 443 807 475 Michael
829 444 1007 485 Ephesius,
1037 448 1205 486 utrumque
1235 455 1288 476 ex-

131 507 284 539 tremum,
314 499 519 542 quamobrem
543 499 689 530 Muretus
719 499 814 530 etiam
844 499 904 540 legi
933 499 1001 530 vult
1027 496 1175 540 ἑκάτερον,
1205 499 1290 541 quod

132 562 238 588 tamen
269 567 333 588 non
358 566 438 596 opus
458 559 526 593 est;
556 565 629 585 nam
653 554 740 595 quod
763 554 802 585 de
831 559 966 595 utroque
995 564 1102 586 verum
1130 559 1197 592 est,
1229 554 1289 586 dici

130 613 226 644 etiam
252 615 361 653 potest
383 611 422 642 de
447 610 561 649 altero)
591 612 746 650 utramque
773 611 1016 650 emuperantiam
1043 609 1174 649 habebit,
1203 609 1224 641 i.
1248 620 1287 648 e.,

130 673 166 699 ut
188 667 265 698 dicit
288 667 449 704 Muretus,
480 670 536 704 „et
559 665 630 706 plus
653 670 686 696 et
709 665 823 696 minus.
869 665 958 696 Alter
981 665 1064 697 enim
1094 666 1165 707 plus
1189 664 1287 704 dabit,

131 723 235 755 minus
258 722 412 764 accipiet“
436 721 613 763 (agricola):
644 721 747 759 „alter
775 720 845 762 plus
869 720 1020 762 accipiet,
1050 720 1154 752 minus
1178 720 1287 752 dabit“

131 781 265 818 (sutor);
295 779 412 820 quippe
441 789 512 809 cum
541 776 695 818 agricola,
722 776 775 818 qui
805 781 947 808 sutorem
978 776 1102 808 excedit
1125 776 1287 818 dignitate,

131 836 234 866 minus
269 845 350 876 opus
382 833 516 874 accipiat
550 837 583 863 et
606 832 706 873 majus
734 842 815 873 opus
847 832 946 863 sutori
971 832 1040 871 det,
1076 832 1128 874 qui
1153 832 1193 864 ab
1217 832 1287 873 ipso

129 895 305 932 superatur.
351 890 416 920 Sed
435 899 502 921 cum
532 898 604 919 suas
626 889 747 928 quisque
774 898 825 919 res
847 888 968 926 habent,
999 889 1042 919 ita
1064 888 1190 919 demum
1212 898 1285 929 pro-

129 946 277 988 portione
301 945 384 976 facta
406 945 544 985 aequales
565 945 643 975 inter
664 953 697 974 se
719 953 756 975 ac
775 944 851 975 socii
870 948 961 981 sunt,
988 945 1060 984 quia
1081 945 1154 976 haec
1176 954 1285 984 aequa-

128 1004 199 1034 litas
220 1003 253 1033 in
274 1003 318 1033 eis
341 1001 421 1041 effici
442 1002 552 1041 polest,
583 1009 663 1040 quae
694 998 835 1040 aequatis
864 998 1012 1040 operibus
1041 1004 1182 1038 constat,
1213 1010 1285 1031 curn

127 1058 246 1099 reliqua
269 1057 404 1098 dignitas
425 1065 649 1097 personarum,
679 1065 776 1095 quae,
806 1054 926 1086 omissa
949 1055 1130 1087 diversitate
1153 1065 1285 1096 operum

127 1113 313 1154 virtutisque
338 1111 445 1143 habita
467 1111 599 1149 ratione,
624 1111 727 1142 locum
751 1110 858 1149 habet,
882 1121 946 1142 non
967 1115 1128 1152 spectetur
1147 1110 1177 1141 in
1197 1121 1284 1142 com-

127 1169 281 1200 mutativo
308 1168 407 1210 justo.
454 1166 627 1208 Sequentia
651 1176 720 1196 eam
748 1166 987 1207 aequalitatem,
1020 1177 1099 1208 quae
1123 1166 1190 1197 sola
1218 1166 1285 1198 fieri

127 1229 245 1267 potest,
269 1227 443 1265 exponunt.
470 1218 637 1263 ’Ὑπεροχήν
661 1226 766 1253 autem
790 1226 855 1252 tam
872 1221 910 1253 de
935 1233 1066 1253 excessu
1091 1217 1284 1262 (ὑπερβολῆς),

127 1291 220 1322 quam
245 1280 283 1311 de
300 1279 424 1310 defectu
442 1276 614 1318 (ἐλλείψεως)
633 1277 704 1315 dici,
723 1277 790 1318 jam
807 1277 943 1309 Michael
960 1277 1119 1317 Ephesius
1143 1277 1283 1308 notavit:

125 1334 172 1367 καὶ
205 1333 270 1373 ἔθος
302 1331 362 1366 ἐστὶ
386 1333 487 1374 λέγειν,
518 1332 553 1371 εἷς
583 1328 744 1373 ὑπερβολὴν
767 1329 858 1373 ε’ὁέθη
882 1328 962 1373 αὐτῷ’
986 1328 1098 1369 πολλεὶ,
1127 1329 1175 1362 καὶ
1200 1329 1284 1363 πάλιν

126 1391 160 1429 εἰς
189 1386 348 1431 ὑπερβολὴν
378 1386 468 1429 ἐδόθη
504 1384 584 1429 αὐτῷ’
612 1384 710 1428 ὀλίγα,
741 1384 789 1418 καὶ
818 1386 854 1425 εἰς
883 1383 1042 1429 ὑπερβολὴν
1072 1382 1117 1418 ἕὸε
1149 1384 1283 1426 wlede-163

127 1447 187 1478 ἐστι
211 1443 259 1477 καὶ
283 1439 321 1478 αὖ
343 1443 378 1483 εἰς
401 1440 561 1485 ὑπερβολὴν
591 1438 638 1474 ἕὸε
663 1442 754 1484 πένης.
803 1444 1007 1485 Quamquam
1038 1443 1122 1475 enim
1152 1439 1285 1485 ὑπεροχή

126 1503 222 1534 etiam
245 1500 282 1545 τῇ
308 1499 435 1540 ἐλλείψει
458 1499 631 1541 opponitur
655 1499 738 1540 (vide
761 1509 846 1540 supr.
863 1500 892 1540 ξ.
912 1500 977 1538 10),
1002 1499 1046 1530 ita
1069 1504 1103 1530 ut
1126 1498 1168 1530 sit
1190 1499 1282 1540 plane

126 1558 210 1589 idem
240 1568 333 1598 quam
363 1552 526 1597 ὑπερβολή,
559 1561 665 1587 tamen
696 1566 734 1587 eo
763 1555 868 1586 minus
892 1556 930 1587 de
962 1555 1059 1586 altero
1090 1555 1156 1596 ejus
1186 1565 1281 1586 sensu

125 1613 334 1644 dubitandum
359 1617 423 1650 est,
455 1611 539 1653 quod
563 1611 668 1652 ipsum
695 1606 842 1652 ὑπερβολή
870 1622 908 1642 eo
930 1622 1026 1642 sensu
1054 1621 1280 1651 nonnunquam

125 1668 294 1709 accipiatur
317 1667 399 1707 (vide
422 1677 508 1707 supr.
533 1667 586 1705 IV,
615 1678 643 1698 c.
671 1667 704 1705 1,
729 1667 756 1708 ᾧ.
781 1667 847 1707 37).
893 1666 1112 1698 Wilkinsonus
1135 1662 1280 1706 ὑπεροχάς

124 1735 182 1765 pro
205 1719 366 1763 ὑπερβολάς
390 1724 440 1761 (ut
463 1722 581 1754 liabent
600 1723 699 1760 CCC,
721 1720 777 1760 Kb,
802 1722 1008 1761 Cardwellus)
1032 1732 1128 1754 sensu
1152 1721 1279 1762 proprio

124 1779 254 1820 accipit,
288 1778 333 1809 ita
356 1778 514 1809 enudans:
551 1778 767 1816 „Aedificator
797 1777 928 1809 haberet
957 1777 1173 1810 excellentiam
1203 1777 1278 1809 artis

123 1846 211 1872 eam,
242 1845 304 1875 qua
333 1833 432 1864 sutori
462 1838 602 1874 praestat
626 1833 812 1865 aedificandi
841 1833 968 1871 artifex;
999 1838 1031 1864 et
1060 1832 1277 1864 excellentiam

123 1890 243 1932 operis,
273 1900 334 1931 qua
353 1889 467 1920 domus
498 1889 603 1920 calceo
631 1889 851 1930 praestabilior
881 1892 965 1921 est.“
1010 1888 1074 1920 Sed
1103 1888 1277 1920 audiendus

123 1957 186 1977 non
210 1950 277 1983 est3
304 1956 377 1976 narn
401 1945 461 1977 hoc
484 1955 547 1976 non
573 1950 658 1976 esset
682 1945 843 1986 injustum,
867 1949 900 1976 et
923 1945 1169 1976 commutatione
1195 1944 1277 1976 sacta

123 1997 203 2039 (ἔτειν
227 1997 423 2041 ἅλλείξωνται)
455 2000 636 2032 aedificator
659 2001 726 2041 jam
747 2012 810 2031 non
835 2000 930 2032 habet
953 2000 1100 2038 domum,
1131 1999 1188 2031 sed
1212 1999 1275 2031 cal-

122 2067 223 2088 ceum.
266 2056 365 2088 Addit
389 2061 422 2088 et
445 2056 570 2088 tertiam
593 2056 844 2097 explicationem,
869 2066 948 2097 quae
972 2067 1042 2087 cum
1066 2060 1175 2087 nostra
1197 2065 1273 2087 con-

122 2112 223 2143 venit:
248 2112 328 2150 „Vel
352 2112 422 2153 plus
446 2111 576 2151 laboris,
605 2112 676 2153 quia
698 2112 770 2152 plus
794 2111 909 2143 laboris
934 2110 1100 2142 insumitur
1123 2110 1152 2141 in
1178 2110 1273 2141 domo
