1439 2342
515 68 588 95 Libri
610 68 642 94 ΙΙ.
684 69 748 102 Cup.
773 67 843 94 VIII.
1211 65 1260 101 93

100 175 173 208 dedi
200 175 322 217 πλείστη
351 187 421 208 cum
446 177 513 208 Ven
544 181 576 207 et
598 177 756 215 Victori0;
792 175 891 208 πλείων
921 177 1028 217 legunt
1060 180 1182 207 tantum
1207 176 1256 214 ΕΙ,

101 230 199 270 CCC,
216 231 270 262 11⁸.
296 232 370 264 Quo
387 231 485 272 magis
498 232 603 270 miror,
616 232 796 264 Bekkerum
812 231 990 263 Atticorum
1005 231 1165 273 respuisse
1181 242 1258 263 con-

100 287 300 318 suetudinem
324 287 549 328 superlativum
581 298 638 328 pro
662 287 876 329 comparativo
900 288 1056 329 ponendi,
1086 299 1179 330 quam
1202 288 1259 319 viri

101 342 187 374 docti
210 348 402 384 agnoscunt;
427 342 528 374 πλείων
552 354 590 374 ex
613 343 823 384 Paraphraste
846 343 878 374 in
902 348 1024 375 textum
1047 344 1182 385 irrepsit,
1207 343 1260 386 qui

99 397 196 430 habet
223 397 331 440 μείζων.
378 399 574 440 Retorquere
603 403 710 430 tamen
732 398 953 440 argumentum
977 400 1004 430 si
1026 399 1122 438 velis,
1154 400 1258 441 possis

100 454 220 492 dicere,
246 454 471 495 superlativum
496 465 534 486 ex
558 455 586 496 ξ.
611 456 630 487 5
653 454 684 485 in
709 460 853 486 nostrum
879 455 983 486 locum
1006 455 1212 497 immigrasse.

188 510 216 552 ᾗ.
241 510 271 543 6.
319 507 440 552 ἀνδρίᾳ)
465 507 577 552 ciminia}
602 510 702 542 Bekk.
726 509 843 552 ubique
867 522 937 543 eum
962 512 1048 550 Ven,
1078 522 1158 553 quae
1182 512 1258 543 scri-

98 571 190 607 ptura
212 566 307 597 etiam
331 567 362 598 in
388 571 528 597 nostram
553 566 724 598 editionem
749 577 844 607 supra
869 567 916 598 bis
941 567 992 606 (ΙΙ,
1017 579 1044 600 c.
1069 568 1099 606 2,
1125 568 1152 609 ξ
1172 569 1201 607 7,
1227 574 1259 599 et

99 633 125 653 c.
151 622 186 661 6,
219 622 246 663 ξ.
272 622 330 663 20)
361 622 496 664 irrepsit.
545 623 608 654 Sed
642 622 761 653 Coraes
791 633 916 664 semper
951 623 1018 656 sine
1048 623 1258 665 diphthongo,

99 678 183 720 quod
212 679 328 710 rectius
358 679 491 710 videtur.
539 679 590 709 Dc
615 678 775 709 codicibus
800 679 965 711 Bekkerus
997 679 1063 720 (ad.
1091 680 1148 720 ΙΙΙ,
1173 691 1199 712 c.
1226 679 1257 717 9,

99 734 127 775 ξ.
153 735 190 774 7)
220 739 344 766 tantum
367 739 493 774 monet,
518 733 565 765 Nb
590 731 703 773 ἀνδρίαν
728 734 865 766 scribere
890 735 1018 767 solitum
1043 745 1124 767 esse.

187 790 216 831 ξ.
240 790 271 824 8.
318 787 516 830 εὐκατάφοροί
542 790 645 832 ἐσμεν)
676 789 802 831 μᾶλλον,
832 791 918 832 quod
949 791 1043 833 vulgo
1073 791 1257 829 addebatur,

98 846 189 877 deest
210 846 242 876 in
265 847 316 885 El,
337 847 409 884 NC,
435 846 533 884 CCC,
557 847 629 884 Par,
654 847 734 884 Ven,
759 847 830 878 Ald.
869 846 1045 886 Bekkerus,
1070 847 1121 889 qui
1145 858 1203 878 sua
1226 847 1258 878 in

97 902 236 934 editione
260 902 355 933 etiam
378 902 488 944 μᾶλλον
518 902 629 941 habet,
661 902 700 934 de
724 903 784 934 hoc
808 902 934 944 quidem
958 902 1067 944 μᾶλλον
1091 903 1167 934 nihil
1191 908 1256 934 sta-

98 958 159 989 tuit
186 958 217 988 in
241 959 343 996 notis,
376 958 420 989 ita
450 963 486 989 ut
508 969 619 989 omnes
650 959 717 999 ejus
743 959 867 990 codices
897 957 1006 1000 μᾶλλον
1038 958 1185 990 exhibere
1209 969 1256 989 w-

99 1015 241 1046 (leantur.
289 1015 372 1045 Cum
402 1018 509 1046 tamen
538 1024 555 1045 e
579 1014 688 1045 codice
711 1012 768 1052 Kb,
799 1015 972 1046 secundum
998 1014 1257 1046 Cardwellianam

97 1070 287 1108 editionem,
311 1070 410 1108 absit,
434 1070 560 1108 nescio,
592 1075 662 1102 uter
684 1070 824 1102 Virorum
848 1071 1014 1102 doctorum
1034 1071 1066 1101 in
1090 1071 1150 1102 hac
1172 1070 1257 1102 varia

97 1126 233 1158 lectione
257 1126 420 1164 erraverit,
443 1126 590 1157 nimirum
614 1126 823 1166 complurium
846 1125 956 1168 μᾶλλον
978 1126 1166 1167 repetitione
1189 1131 1255 1157 tur-

97 1182 199 1214 batus.
237 1182 389 1214 Ceterum
405 1181 536 1213 omissio
560 1181 611 1212 τοῦ
634 1182 743 1222 μᾶλλον
760 1186 809 1213 est
824 1181 1000 1220 notissima,
1024 1183 1106 1213 inter
1122 1182 1255 1213 Latinos

97 1249 222 1279 quoque
257 1238 386 1275 Tacito,
420 1242 456 1268 ut
482 1238 549 1279 jam
585 1237 763 1278 Giphanius
799 1242 831 1268 et
861 1238 979 1269 Zelh'us
1014 1238 1256 1277 admonuerunt,

96 1294 248 1335 imprimis
265 1298 427 1335 usurpata.
469 1293 713 1334 Paraphrastes:
740 1293 823 1325 πλέον
847 1293 882 1331 εἰς
906 1290 1064 1326 ἀκολασίαν
1087 1291 1253 1336 κινούμεθα.

97 1350 132 1381 Si
150 1349 314 1381 Krischius
335 1351 377 1390 (p.
398 1349 474 1389 413)
496 1348 604 1390 μᾶλλον
628 1349 699 1380 ideo
725 1350 977 1380 conservandum
1000 1355 1102 1391 putat,
1128 1350 1200 1391 quia
1223 1350 1256 1380 in

97 1406 206 1447 Magn.
231 1405 315 1436 Mor.
340 1405 368 1443 I,
393 1404 412 1437 9
437 1406 572 1446 legatur,
598 1416 656 1447 ego
680 1410 791 1436 contra
813 1406 1002 1437 concludere
1025 1406 1143 1444 malim,
1173 1406 1256 1437 hanc

96 1462 281 1503 particulam
315 1472 354 1492 ex
387 1461 440 1492 illo
470 1461 542 1492 loco
581 1461 614 1491 in
647 1466 793 1492 nostrum
828 1461 1002 1502 irrepsisse.
1034 1479 1073 1485 —
1111 1460 1254 1502 ἐπίδοσις)

97 1518 157 1548 Est
184 1519 377 1558 proyressz'o,
412 1519 641 1555 incrementum,
677 1517 771 1548 etiam
806 1517 951 1555 studium,
980 1518 1161 1557 proclivitas
1167 1531 1177 1554 ;
1216 1517 1256 1548 ad

98 1585 191 1615 quam
226 1574 310 1604 enim
344 1583 410 1603 rem
448 1573 652 1614 procliviores
685 1584 812 1610 sumus,
852 1572 884 1603 in
917 1583 953 1604 ea
988 1573 1124 1604 maxime
1158 1573 1255 1613 profi-

97 1629 196 1660 cimus
228 1627 433 1669 (ἐπιόίὸομεν).
479 1630 709 1660 Dissenserunt
739 1628 795 1659 viri
819 1628 922 1667 docti,
955 1633 1026 1660 utro
1053 1629 1255 1670 potissimum

98 1696 194 1716 sensu
216 1684 267 1716 hic
290 1689 462 1716 uterentur.
506 1685 570 1716 Sed
596 1696 668 1716 cum
691 1686 873 1725 proclivitas
895 1685 956 1716 hoc
978 1685 1050 1716 loco
1074 1685 1256 1716 nominetur

96 1737 260 1782 πεφύκαμεν
289 1740 397 1782 μᾶἶλλον
426 1738 495 1779 πεές
521 1741 571 1772 vel
598 1737 796 1780 εὖκειτάφοροί
818 1741 898 1782 ἐσμεν
932 1740 1041 1782 μᾶλλον
1072 1738 1158 1781 πρός,
1187 1742 1254 1783 jam

97 1795 223 1834 ἐπίὸεσις
256 1802 305 1828 est
340 1798 533 1837 progressio,
571 1798 800 1833 inc7·ementum;
835 1796 973 1838 alioquin
1009 1807 1139 1838 prorsus
1170 1797 1254 1828 idem

98 1852 216 1884 diceret
230 1853 430 1891 Aristoteles,
455 1853 494 1883 ad
517 1852 690 1894 praemissa
713 1852 809 1884 verba
833 1849 903 1893 πρὸς
926 1845 946 1884 οἳ
961 1850 1016 1893 γάρ
1042 1849 1122 1884 αὐτοὶ
1145 1853 1255 1894 μᾶλλον

98 1905 261 1950 πεῲῦκαμέν
296 1922 354 1946 πως
390 1908 481 1939 ταῦτα
513 1908 621 1950 μᾶλλον
653 1907 758 1940 ἐναντία
788 1909 830 1950 τῷ
859 1908 938 1952 μέσῳ
971 1907 1100 1948 φαίνεται
1135 1909 1254 1940 addens

98 1960 183 1994 ταῦτ’
209 1957 253 1994 εἶν
273 1964 381 2005 μᾶλλον
406 1963 512 1995 ἐναντία
540 1964 653 2006 λέγομεν
676 1962 747 2005 πρὸς
771 1958 790 1996 εἳ
813 1961 830 2006 ἡ
856 1964 980 1999 ἐπίὸοσις
1010 1963 1119 2006 μῖἱλλον
1142 1964 1254 2005 γίνεται.

98 2020 160 2051 Est
189 2025 294 2051 autem
323 2024 496 2061 prom-essia
528 2021 576 2061 (id
601 2021 686 2063 quod
716 2021 833 2053 indicat
862 2021 1016 2062 particula
1043 2014 1105 2061 οὖν)
1141 2031 1255 2052 conse-

98 2075 226 2117 quentia
246 2077 464 2117 proclivitatis,
494 2082 529 2108 ut
552 2082 601 2108 est
624 2077 656 2108 in
680 2077 806 2119 Magnis
831 2078 945 2109 Moral.
969 2077 999 2115 I,
1025 2077 1062 2114 9,
1091 2076 1144 2118 qui
1166 2077 1255 2108 locus

99 2143 220 2164 summe
255 2132 328 2164 facit
357 2133 396 2164 ad
426 2137 571 2165 nostrum
606 2134 711 2166 locum
747 2134 967 2175 aperiendum:
1004 2129 1022 2173 ἡ
1052 2124 1097 2164 οὖν
1128 2131 1255 2170 ἐπίδοσις
