1439 2342
439 116 514 143 Libri
535 116 568 143 11.
610 115 675 151 cap.
698 116 735 142 vr
762 117 817 149 (v).
1159 115 1208 151 83

49 230 83 256 et
98 235 125 256 c.
149 224 181 262 2,
206 224 235 265 ᾧ.
251 224 296 264 2),
313 224 382 266 jam
405 227 547 265 apparet,
570 223 718 254 virtutem
735 234 806 256 esse
829 223 1091 257 consuetudinem
1108 236 1209 268 quan-

49 280 139 319 dam,
164 290 244 322 quae
268 279 416 311 affectum
440 278 479 310 ad
502 278 657 310 rationem
682 279 806 320 dirigat.

138 336 167 377 ξ.
191 334 223 367 3.
268 336 423 366 σπουδαῖοι
453 329 473 375 ἢ
503 333 622 374 φαῦλοι)
654 335 796 366 Affectus
827 345 885 376 per
908 345 942 366 se
965 346 1025 368 nec
1051 335 1127 368 boni
1149 348 1210 370 nec

48 391 123 424 mali
146 395 238 429 sunt3
266 389 322 422 sed
343 394 412 421 tum
437 389 566 420 demum
586 389 663 420 boni
686 390 800 422 malive
823 390 920 429 fiunt,
946 402 1018 422 cum
1040 403 1098 433 per
1119 393 1209 425 habi-

47 452 116 480 tum
146 446 358 488 quodammodo
393 445 544 477 afficeris:
578 444 672 484 boni,
707 445 734 476 si
761 446 844 477 intra
873 447 1021 486 modum,
1055 448 1147 487 mali,
1183 450 1209 481 si

47 501 266 536 vehementius
297 506 352 533 aut
384 501 558 533 remissius.
587 519 632 524 —
666 496 686 542 ἢ
715 500 831 542 καικίας)
867 496 887 543 ἢ
914 498 966 539 τοὶς
998 501 1099 541 κακίας
1128 504 1209 544 Ven,

47 558 149 592 Bekk.
171 578 216 584 —
240 549 302 589 οὔτ’
334 553 545 599 ἐπαινούμεθα)
579 556 664 590 Quia
694 557 842 596 affectus,
874 562 910 589 ut
934 558 1057 598 omnia,
1087 570 1168 600 quae
1191 571 1210 591 a

48 620 160 647 natura
190 613 388 654 accepimus,
419 624 486 644 non
509 623 527 645 e
550 612 643 644 nobis
667 612 809 654 pendent
837 609 897 654 (ἐφ’
921 609 1008 655 ἡμῖν).
1033 631 1074 637 -
1099 611 1113 646 ὃ
1138 615 1207 655 πῶς)

48 682 92 704 Sc.
115 669 251 710 σφοδρῶς
270 664 288 710 ἢ
312 666 463 711 ἀνειμένως.

137 727 166 768 ᾧ.
195 724 227 757 4.
279 721 311 756 οὗ
345 726 502 763 κινεῖσθαι)
538 724 652 755 Potest
685 724 770 755 enim
803 723 930 755 habitus
963 725 1088 757 virtutis
1119 726 1210 758 alicui

47 781 168 819 inesse,
198 781 258 813 etsi
287 781 405 812 nullam
436 785 566 811 moveat
597 779 772 818 actionem
807 780 939 811 affectus
963 786 1068 812 autem
1094 792 1153 822 per
1175 793 1210 814 se

47 837 227 868 necessario
243 837 283 868 ad
299 836 455 878 agendum
471 846 530 867 nos
547 835 690 876 impellit,
707 835 741 866 vsi
757 835 879 868 ratione
895 847 960 866 non
977 841 1149 868 coercetur.
1166 855 1208 860 —

47 891 219 924 διακεῖσθαι’
237 895 312 931 πως)
336 892 444 924 Virtus
467 896 517 923 est
532 891 667 929 affectio,
693 891 867 923 secundum
885 903 978 934 quam
1003 898 1088 923 certo
1112 894 1209 924 modo

47 948 244 990 disponimur
260 954 293 980 et
311 948 544 980 conformamur
563 946 774 988 (διακείμεθα).
809 947 917 979 Virtus
941 952 1047 979 tamen
1071 960 1136 980 non
1160 954 1210 981 est

46 1004 214 1046 dispositio
229 1001 396 1045 (διάθεσις),
421 1004 477 1035 sed
491 1003 618 1034 habitus
640 1000 728 1043 (ἕξις).
763 1003 936 1035 Quomodo
955 1009 1060 1035 autem
1082 1004 1209 1036 habitus

48 1071 66 1092 a
81 1060 290 1101 dispositione
307 1060 440 1098 differat,
452 1059 642 1090 Aristoteles
658 1059 727 1100 ipse
742 1059 852 1100 Categ.
867 1070 894 1090 c.
909 1059 940 1092 6.
954 1059 982 1100 ξ.
996 1058 1016 1091 4
1031 1060 1090 1101 (ed.
1103 1061 1209 1101 Buhl.)

47 1116 196 1158 exponit:
228 1115 357 1156 διαφέρει
379 1114 409 1146 ὀὶ
434 1113 487 1156 ἕξις
511 1114 669 1153 ὁιαζτέσεως
694 1114 736 1156 τῷ
757 1111 943 1154 χρονιώτερον
967 1113 1035 1146 εἶναι
1056 1114 1105 1147 καὶ
1127 1129 1209 1158 μονι-

47 1170 180 1214 μώτερσν·
210 1171 342 1203 τοιαῦται
364 1170 395 1202 δὲ
419 1168 455 1202 αἴ
470 1184 498 1201 τε
523 1170 697 1212 ἐπιστῆμαι,
727 1168 775 1201 καὶ
798 1170 829 1201 αἱ
851 1166 960 1210 ἀρεταί.
978 1193 986 1202 .
1004 1194 1011 1202 .
1047 1171 1209 1210 Διαθέσεις

47 1227 78 1260 δὲ
101 1227 240 1269 λέγονται,
265 1222 285 1258 ἆ
301 1227 376 1258 ἔστιν
399 1223 529 1267 εὐκίνητοι
551 1223 601 1257 καὶ
625 1223 704 1267 'mxii
728 1223 959 1268 μεταβάλλοντα·
984 1224 1041 1257 οἷον
1063 1224 1208 1268 θερμότης

47 1281 95 1315 καὶ
111 1280 274 1324 ψυχρότης,
297 1280 346 1314 καὶ
370 1279 448 1320 νέα-ες
471 1279 520 1313 καὶ
542 1278 642 1322 ὑγίεια,
662 1279 711 1313 καὶ
729 1275 785 1313 ἶσα
808 1273 887 1313 ἄλλα
910 1281 1042 1313 τοιαῦτα.
1066 1279 1209 1314 διάκειται

47 1339 94 1382 μὲν
117 1336 172 1380 γάρ
196 1352 255 1377 πως
277 1335 355 1370 κατεῖ
378 1335 484 1376 ταύτας
508 1334 523 1369 ὃ
546 1330 708 1377 ἅνθρωπος,
734 1333 813 1377 mxii
837 1336 868 1368 ὁὲ
890 1335 1077 1378 μεταβάλλει.
1121 1338 1209 1369 :Male

47 1401 155 1428 autem
170 1395 324 1436 Aspasius
349 1394 524 1432 contendit,
548 1396 718 1425 διακεῖσθαι
740 1393 779 1425 de
802 1392 971 1424 virtutibus
994 1393 1066 1424 ideo
1090 1393 1209 1424 dictum

0 1464 2 1468 ⁸
48 1462 120 1484 esse
143 1451 206 1483 hoc
228 1451 316 1489 loco,
341 1450 426 1492 quod
449 1461 489 1481 ex
512 1450 709 1492 quorundam
735 1448 885 1490 opinione
908 1448 1040 1480 virtutes
1065 1445 1209 1480 ἅπάὲειειι

49 1507 203 1549 quaedam
228 1507 307 1544 sint,
332 1517 369 1538 ac
392 1503 514 1547 ἠρεμίαι.
562 1505 623 1545 (Cf.
649 1515 736 1546 supr.
760 1516 787 1536 c.
813 1504 850 1542 3,
876 1504 904 1545 «ξ.
929 1504 972 1544 5.)

138 1563 167 1604 ξ.
191 1564 222 1595 5.
269 1559 317 1594 &ul
351 1561 462 1601 ταῦτα)
501 1561 586 1593 Quia
619 1560 783 1601 potentiae
818 1564 903 1591 arcte
938 1570 1011 1591 cum
1045 1559 1209 1591 affectibus

49 1619 293 1660 conjunguntur,
318 1623 351 1649 et
372 1617 449 1648 nihil
473 1616 556 1648 aliud
580 1621 654 1647 sunt
670 1627 764 1657 quam
787 1615 950 1656 potentiae
973 1615 1153 1646 affectuum.
1169 1633 1210 1639 —

50 1672 175 1714 πάσχειν
199 1670 314 1713 ἁπλῶς)
346 1673 367 1705 i.
392 1684 420 1704 e.
445 1672 527 1703 affici
551 1672 695 1703 absolute
724 1671 776 1702 vel
806 1671 1005 1712 simpliciter,
1034 1681 1099 1701 non
1124 1675 1210 1701 certo

46 1751 49 1754 >
84 1730 162 1768 odo,
193 1740 308 1771 nempe
337 1729 388 1759 vel
412 1727 546 1767 σφεὸρῶς
577 1727 627 1759 vel
650 1724 790 1768 ἀνειμένως
820 1727 870 1758 vel
892 1725 994 1768 μέσως.
1038 1726 1117 1764 Nc,
1141 1727 1211 1758 Ven

52 1790 85 1818 et
105 1786 168 1817 Ald
192 1783 327 1825 πράττειν
349 1785 474 1826 legunt3
499 1783 591 1814 male.
637 1784 712 1814 Non
736 1782 821 1814 enim
846 1783 885 1813 de
908 1782 946 1813 iis
969 1782 1121 1823 potentiis
1146 1782 1211 1823 agi-

51 1847 118 1880 tur,
151 1852 282 1884 quarum
305 1846 395 1872 actus
419 1845 470 1872 est
493 1838 636 1880 operatio
662 1838 816 1880 quaedam
842 1838 928 1879 (quo
953 1849 1049 1869 sensu
1072 1843 1155 1869 artes
1180 1843 1213 1869 et

52 1897 182 1929 virtutes
207 1908 302 1938 saepe
326 1894 453 1938 ὁὋνάμεις
477 1895 515 1926 ab
529 1895 702 1926 Aristotele
725 1895 900 1934 vocantur),
925 1894 982 1925 sed
999 1894 1038 1925 de
1062 1894 1110 1931 iis,
1135 1905 1212 1935 qua-

52 1965 122 1986 rum
145 1958 234 1985 actus
257 1953 289 1984 in
314 1953 428 1984 affectu
450 1957 594 1983 versatur
618 1952 658 1991 (v.
683 1961 768 1992 supr.
793 1950 832 1981 ad
856 1961 883 1981 c.
910 1950 939 1989 1,
964 1950 992 1990 ξ.
1010 1949 1053 1989 3).
1091 1949 1213 1980 Nobis-

0 2010 9 2030 ’ὖ
55 2021 125 2042 cum
149 2009 225 2040 facit
239 2009 484 2050 Paraphrastes‚
509 2007 562 2049 qui
584 2018 642 2048 pro
657 2017 772 2048 genere
795 2003 921 2045 πάσχειν
945 2005 1083 2046 speciem
1106 2003 1214 2045 posuit

55 2061 244 2107 ὄργισθῆνειι,
273 2070 306 2096 et
336 2064 381 2096 sic
410 2064 529 2105 liquido
560 2063 636 2104 legit
658 2062 891 2104 Argyropylus,
923 2061 975 2102 qui
1003 2060 1114 2091 vertit:
1146 2061 1217 2100 quia

53 2131 209 2162 possumus
220 2122 316 2152 irasci
331 2122 379 2152 vel
392 2122 495 2151 timere
506 2120 692 2160 sivmliciler.
704 2137 744 2156 ,-
759 2114 906 2157 πρότερεν)
924 2117 1050 2157 Nempe
1063 2127 1089 2147 c.
1101 2116 1130 2155 1,
1144 2115 1172 2156 ξ.
1185 2114 1215 2146 2.

146 2176 245 2208 CAP.
277 2176 334 2207 VI.
383 2176 484 2217 (Cap.
515 2175 572 2216 V.)
620 2175 647 2216 ξ.
678 2175 708 2208 2.
761 2174 845 2205 πᾶσα
881 2169 985 2212 αἴρει-η’)
1021 2170 1217 2203 Vocabulum

975 2224 1015 2250 6¹·
