1439 2342
502 51 574 77 Libri
597 51 614 76 Ι.
658 50 722 84 (lup.
746 49 782 75 ΙΙΙ
805 50 847 82 (Ι).
1207 46 1252 80 15

97 161 136 192 de
159 161 227 201 ipsa
255 160 349 190 animi
376 159 489 190 virtute
521 159 620 200 accipi
643 157 768 189 debere.
806 157 879 188 Non
904 160 992 197 puto.
1039 155 1148 186 Robur
1169 157 1251 187 enim

97 215 237 257 corporis
260 226 317 256 per
340 226 374 246 se
397 214 494 246 rarius
519 213 667 254 perniciei
684 213 752 251 erit,
778 224 871 253 quam
895 212 990 243 animi
1005 211 1156 244 fortitudo
1180 213 1252 244 sorti

96 272 163 303 viro
186 271 324 314 pericula
347 276 473 302 strenue
498 269 638 301 obeunti.
681 270 822 300 Alteram
847 268 939 309 igitur
961 267 1253 309 interpretationem

97 338 160 359 non
183 327 277 368 plane
300 326 436 358 excludit
448 325 646 356 Eustratius:
670 324 696 356 εἰ
717 323 748 356 ὸέ
771 321 820 366 τὴν
843 323 942 364 κυρίως
960 320 1095 365 ἀνδρείαν,
1120 324 1187 364 ἐρεῖς
1211 319 1254 355 ὅτι

98 381 123 414 ἓν
147 379 216 423 πρὸς
239 379 265 412 ἓν
288 379 437 422 ἇντέθηκε,
461 378 531 422 πρός
554 394 582 412 τι
605 380 658 412 τῶν
682 379 808 421 θυραίων
823 377 872 412 καὶ
896 376 1001 421 ἔξωθεν
1025 383 1155 421 (nempe
1175 380 1253 412 divi-

97 439 172 477 tias)
197 435 223 469 ἓν
246 438 300 469 τῶν
324 434 396 475 ἐντὸς
418 435 467 468 καὶ
491 434 567 468 κατεῖ
588 434 686 478 ψυχήν
710 440 769 475 (sc.
794 433 940 478 ἀγαθῶν).

185 495 214 535 ξ.
238 494 269 526 4.
316 491 379 534 περὶ
409 490 543 525 τοιούτων
573 490 621 524 καὶ
652 492 682 524 ἐκ
713 489 862 530 τοιούτων)
891 491 1027 523 Zellius:
1063 492 1255 533 „Loquendi

95 561 194 592 genus
223 550 387 581 Aristoteli
416 560 568 591 perquam
596 549 764 588 usitatum3
793 559 850 590 per
878 548 982 590 prius,
1011 552 1047 579 ut
1078 547 1255 588 Giphanius

96 612 181 638 recte
205 606 358 647 explicat,
389 606 552 638 materiam
576 605 746 647 significat,
771 605 810 636 de
834 615 895 646 qua
917 603 1034 645 agitur,
1066 614 1123 644 per
1145 609 1254 645 postc-

53 675 63 683 “
97 663 183 694 rius“
210 663 379 704 principia,
410 663 430 693 i.
455 673 482 693 e.
506 661 742 703 propositiones
773 660 961 702 syllogismi,
994 671 1011 691 e
1036 659 1148 702 quibus
1179 671 1254 691 con-

98 719 254 750 clusiones
279 719 369 750 fiunt.
408 718 457 750 Cf.
480 718 550 749 infr.
576 718 604 759 ξ.
630 718 667 756 53
692 718 823 749 Rhetor.
840 717 877 755 ΙΙ,
904 717 939 755 1;
964 716 1076 757 Topic.
1093 716 1116 754 Ι,
1133 716 1154 748 8
1170 722 1203 747 et
1219 715 1256 748 9:

98 775 218 806 Histor.
254 775 378 806 animal.
410 774 440 812 Ι,
471 773 510 813 6;
541 774 593 805 De
622 778 703 815 part.
735 772 828 804 anim.
859 772 888 811 l,
913 773 944 804 5.
977 791 1015 796 —
1049 770 1256 804 ἐνὸείκνυσὲαι)

97 831 294 862 Eustratius:
331 827 474 871 οἷπέὸειξις
498 828 545 872 μὲν
568 828 706 869 καθαρῶς
736 826 784 860 καὶ
807 827 928 867 βεβαίως
951 824 984 859 τὲ
1008 824 1173 869 ζητούμενον
1196 840 1257 858 πα-

98 886 194 928 ριστᾷ,
219 885 327 927 ἔνδειξις
351 886 383 917 οὲ
407 883 456 918 διά
479 899 557 917 τινων
581 883 765 917 ἐκτυπώσεων
787 882 836 916 καὶ
859 881 1001 927 μιμήσεων
1025 881 1074 915 καὶ
1097 880 1257 926 ἐμφάσεων.

101 961 138 967 ——
166 941 227 983 περὶ
251 942 304 974 τῶν
329 939 364 980 ὡς
388 940 434 973 ἐπὶ
457 939 491 972 τὸ
515 938 604 981 πολύ)
636 942 695 973 His
718 941 823 974 verbis
849 941 1020 982 explicatur
1049 937 1083 971 τὸ
1108 938 1172 980 περὶ
1195 953 1257 971 τοι-

99 996 186 1030 ούτων
209 996 257 1030 καὶ
282 998 310 1029 ἐκ
334 995 466 1029 τοιούτων
490 998 578 1028 initio
603 998 631 1038 ξ.
667 997 804 1029 Materia
827 997 910 1029 enim
935 1002 967 1029 et
989 995 1142 1038 principia
1165 1007 1257 1037 argu·
1277 1010 1279 1025 τ

100 1055 263 1086 mentandi
287 1054 442 1096 ejusmodi
465 1059 549 1092 sunt,
574 1059 609 1085 ut
631 1054 815 1095 plerumque
840 1053 996 1091 eveniant,
1020 1063 1086 1083 non
1109 1063 1257 1084 necessa·
1278 1044 1279 1047 Ἰ

99 1111 145 1142 ria
168 1111 232 1141 sint
253 1121 356 1151 neque
380 1110 492 1140 eodem
516 1120 642 1150 semper
665 1120 758 1141 cursu
780 1110 930 1140 ferantur.
966 1108 1094 1140 Scilicet
1117 1112 1258 1139 actiones

99 1167 262 1198 hominum
284 1166 366 1197 circa
390 1165 512 1212 singula
536 1170 620 1203 sunt,
643 1165 674 1195 in
695 1164 807 1206 quibus
830 1165 872 1203 id,
897 1164 982 1206 quod
1004 1164 1188 1206 plerumque
1211 1164 1257 1201 fit,

99 1233 156 1264 pro
179 1221 348 1253 universali
362 1210 506 1263 quod-am
528 1220 627 1262 accipi
650 1220 756 1252 debet.
791 1220 948 1262 Analogia
972 1225 1005 1251 et
1026 1220 1168 1251 inductio
1190 1225 1258 1250 tum

100 1279 203 1310 locum
227 1283 339 1309 tenent
361 1277 562 1309 necessitatis
577 1282 609 1308 et
624 1276 880 1316 universalitatis,
903 1276 923 1308 i.
937 1287 964 1308 e.
978 1276 1259 1307 demonstrat-ionis

100 1347 117 1366 a
132 1334 244 1376 priori3
268 1344 340 1366 cum
356 1334 441 1365 enim
464 1333 496 1364 in
520 1333 663 1374 analogia
683 1338 716 1364 et
729 1333 912 1365 inductione
935 1332 1170 1373 propositiones
1194 1343 1259 1362 non

100 1391 164 1422 sint
186 1390 395 1428 necessariae,
419 1400 479 1421 nec
503 1389 722 1421 conclusiones
740 1386 1007 1431 (συμπεραίσματα)
1032 1399 1103 1420 esse
1123 1394 1259 1430 possunt

99 1446 356 1478 necessariae.—
377 1445 614 1488 πεπαιδευμένου)
624 1446 643 1477 i.
659 1456 687 1477 e.
698 1447 820 1485 eruditi,
832 1445 892 1483 vel,
905 1450 940 1476 ut
951 1456 1010 1476 nos
1024 1444 1192 1486 loquimur,
1209 1446 1261 1475 des

104 1503 291 1539 Gebildetem
309 1507 341 1533 et
357 1502 402 1534 sic
421 1501 537 1543 ubique
552 1513 615 1533 vox
630 1512 742 1543 graeca
759 1502 878 1542 optime
890 1501 970 1532 verti
983 1500 1111 1542 poterit.
1141 1503 1258 1531 Πεπαι-

101 1558 225 1600 δευμένος
255 1559 338 1590 enim
362 1558 388 1589 is
413 1563 479 1596 est,
511 1559 562 1599 qui
585 1558 695 1589 rudem
719 1568 809 1588 suam
839 1569 857 1588 a
878 1562 992 1587 nat-ura
1022 1561 1185 1597 acceptam
1208 1556 1260 1587 in-

101 1615 216 1652 dolem,
242 1625 368 1656 quoquo
382 1614 489 1651 modo„
514 1624 571 1645 seu
585 1625 645 1644 usu
661 1619 693 1645 et
709 1613 938 1645 consuetudine
953 1612 1035 1644 vitae
1056 1623 1111 1643 seu
1129 1612 1261 1643 scientia

101 1676 133 1702 et
157 1670 299 1702 doctrina
324 1670 474 1707 erudivit,
506 1675 538 1700 et
561 1670 600 1700 ad
630 1669 860 1700 humanitatem
882 1668 1062 1700 informavit
1085 1673 1118 1699 et
1138 1668 1260 1709 polivit.

100 1727 161 1758 Est
185 1726 348 1758 Ciceronis
374 1726 429 1764 (ad
454 1725 527 1757 Div.
551 1725 625 1763 Vll,
651 1725 686 1762 1)
710 1727 794 1756 homo
813 1726 939 1766 politus-3
964 1724 1153 1756 Aristoteles
1178 1725 1260 1766 ejus-

101 1783 187 1814 modi
209 1782 294 1814 viros
318 1782 413 1813 etiam
437 1778 501 1819 τοτ),
524 1780 675 1821 χαρίεντας
700 1780 738 1819 (Ι,
756 1793 782 1812 c.
800 1782 831 1819 4,
852 1781 880 1822 {m
898 1781 936 1820 23
960 1792 987 1812 c.
1005 1782 1036 1819 5,
1054 1781 1082 1822 ξ.
1100 1781 1137 1820 4;
1163 1792 1189 1812 c.
1211 1780 1261 1817 13,

101 1840 129 1880 ξ.
148 1840 194 1878 7),
218 1839 269 1870 vel
291 1835 357 1877 τούς
379 1834 508 1879 κομψούς
532 1837 684 1868 nominat.
721 1837 782 1868 Est
804 1837 863 1868 viri
886 1836 1117 1878 πεπαιδευμένου,
1141 1848 1207 1868 non
1225 1847 1262 1868 ex

101 1895 230 1926 fortuito
254 1900 287 1926 et
310 1894 416 1926 subito
447 1894 542 1925 animi
574 1899 679 1932 motu,
711 1904 776 1924 non
800 1904 817 1925 e
840 1893 978 1935 pectoris
1007 1892 1136 1924 libidine
1159 1903 1262 1934 agere,

103 1951 160 1983 sed
183 1962 223 1982 ex
245 1950 405 1982 constanti
429 1956 462 1981 et
484 1949 670 1980 immutabili
691 1949 822 1981 rationis
838 1949 922 1991 lege3
949 1948 1164 1990 πεπαιδευμένος
1186 1959 1262 1986 non,

102 2012 137 2038 ut
159 2006 354 2038 Horatianus
379 2007 455 2047 (Ep.
480 2006 510 2043 Ι,
541 2007 570 2044 1,
594 2017 624 2037 v.
651 2005 708 2044 18)
731 2006 782 2037 ille
805 2005 1003 2046 Aristippus,
1028 2003 1088 2035 sibi
1109 2015 1178 2042 res,
1207 2004 1264 2035 sed

103 2073 137 2094 se
168 2063 261 2094 rebus
293 2061 480 2103 subjungere
512 2067 652 2093 conatur.
699 2063 781 2093 Rem
811 2066 952 2102 spectat,
982 2071 1046 2091 non
1077 2071 1263 2100 personam3

103 2119 186 2150 vitae
209 2117 448 2150 conditionibus
473 2123 505 2149 et
528 2117 723 2159 temporibus
748 2128 782 2149 se
806 2117 1041 2156 accommodat3
1071 2127 1122 2148 res
1144 2126 1202 2157 pro
1226 2127 1265 2147 eo
