1439 2342
207 111 277 147 182
489 113 668 140 Commentur.
691 112 725 140 ud
741 113 850 141 Aristot.
872 114 962 141 Euhie.
984 114 1087 141 Nicom.

208 227 301 262 atque
324 216 504 251 αὐτοδίκαιον
528 219 578 251 vel
594 221 648 262 jus
671 220 824 259 divinum,
849 225 960 262 estque
983 222 1068 263 apud
1090 221 1193 254 bonos
1206 221 1362 262 homines,

207 280 318 318 utpote
340 275 483 306 Deorum
507 275 638 314 similes,
663 275 758 307 etiam
781 276 960 316 immotum,
984 278 1069 320 apud
1091 277 1234 310 homines
1257 282 1362 310 autem

207 332 239 362 in
268 331 450 363 universum
480 342 543 362 non
575 330 753 370 immobile,
790 332 845 363 sed
876 332 1039 365 mutabile.
1085 333 1211 365 Deinde
1239 333 1362 375 vulgata

207 397 265 418 nec
287 387 326 418 ad
342 391 527 428 sequentem
544 387 795 419 enuntiationem
821 384 887 420 ἀλλ’
912 382 984 429 ἕμως
1007 388 1088 420 bene
1112 389 1253 430 quadrat.
1277 389 1361 420 Nam

207 453 279 474 cum
302 443 370 484 jam
402 438 433 473 οὔ
455 442 547 483 μέντοι
579 442 633 474 πᾶν
657 443 699 475 sit
727 443 883 475 restrictio
908 442 1134 476 enuntiationis
1158 446 1230 485 παρ’
1251 440 1314 486 ἡμῖν
1337 435 1361 476 δ’

208 495 268 529 ἐστὶ
291 497 338 540 μέν
362 511 389 529 τι
413 499 459 536 (Β
483 498 590 540 μέντοι)
613 496 661 530 καὶ
686 496 771 538 φύσει
794 496 911 540 κινητόν,
936 499 1077 541 ejusdem
1100 500 1193 542 hujus
1216 500 1362 532 enuntia-

207 554 302 585 tionis
324 565 390 585 non
413 554 508 586 etiam
531 550 594 586 ἀλλ’
619 550 692 596 ὅμως
717 554 873 586 restrictio
897 565 967 586 esse
983 559 1101 596 potest,
1124 555 1181 586 sed
1195 555 1362 587 verborum
1388 550 1396 560 '

208 606 239 640 οὗ
262 608 355 651 μέντοι
378 608 452 648 πᾶν,
483 609 569 651 quod
599 609 725 651 quidem
756 621 853 642 sensu
882 615 977 642 caret.
1024 610 1206 642 Secundum
1233 611 1362 643 alteram

208 676 281 696 vero
305 666 493 706 scripturam
517 670 602 697 recte
619 665 762 706 procedit
779 666 945 705 sententia,
971 666 996 697 si
1019 665 1115 697 verba
1137 663 1246 707 κινητὸν
1269 666 1362 708 μέντοι

208 720 263 752 πᾶν
290 721 335 752 ita
364 721 607 762 praecedentem
632 721 882 753 enuntiationem
906 721 1100 763 restringunt
1123 726 1157 753 ut
1178 723 1247 763 ipsa
1270 733 1287 753 a
1311 733 1360 754 se-

208 776 376 818 quentibus
399 777 640 818 restringuntur.
686 778 854 809 Postremo
871 778 1006 819 vulgata,
1030 778 1080 810 cui
1095 778 1272 810 Felicianus
1288 789 1362 810 sen-

207 843 277 864 sum
300 832 448 874 praebet:
494 834 552 865 Est
580 834 727 874 quoddam
754 836 843 865 eliam
872 834 1009 865 naturale
1032 834 1130 874 (jus),
1161 835 1240 874 quod
1259 835 1363 866 mobile
1417 877 1418 880 Ἰ

206 890 254 927 sit,
279 888 371 929 plane
393 889 437 920 ita
459 889 538 920 verti
562 901 625 920 non
643 895 760 931 potest.
809 889 872 921 Sed
890 889 969 921 verti
989 888 1134 920 deberet:
1170 890 1230 921 Est
1249 891 1366 930 aliquid
1414 919 1416 930 5

205 946 293 976 etiam
327 946 406 985 quod
433 948 543 977 natura
576 947 716 977 mutabile
750 949 796 978 est
827 946 878 985 (ut
909 956 994 986 supr.
1024 945 1052 986 ξ.
1075 946 1105 978 2.
1131 942 1162 976 rc*
1194 944 1242 986 μὲν
1277 942 1362 984 φύσει

206 996 367 1041 τῖκιίνητεν),
404 1001 488 1042 quod
518 1001 557 1032 ab
587 1002 647 1033 hoc
678 1002 748 1033 loco
778 1001 870 1042 plane
899 1001 1033 1032 alienum
1059 1006 1161 1033 esset:
1195 1001 1260 1032 vel:
1306 1001 1364 1033 Est

204 1058 292 1088 eliam
320 1058 458 1088 mutabile
486 1059 614 1098 aliquid,
643 1058 721 1098 quod
740 1061 850 1089 natura
873 1061 932 1094 est,
955 1068 1012 1088 non
1026 1060 1120 1088 (uelem
1144 1067 1243 1095 omne,
1274 1057 1357 1099 quod

206 1112 322 1143 faceret
349 1124 421 1144 cum
453 1113 658 1155 sequentibus
689 1113 929 1144 insulsissimam
966 1112 1188 1153 tautologiam,
1221 1123 1292 1143 cum
1322 1112 1354 1144 in

206 1168 331 1209 vulgata
362 1169 400 1199 ad
432 1166 463 1199 rox
494 1168 541 1209 μὲν
573 1166 657 1206 φύσει
682 1169 820 1209 suppleri
845 1168 974 1200 deberet
996 1165 1128 1213 zttvrjrc'it,v
1151 1178 1214 1199 non
1245 1166 1360 1205 ὁὰαιον,

205 1228 239 1254 ut
263 1224 360 1254 altera
382 1224 475 1255 lectio
500 1225 649 1265 postulat.
696 1224 848 1255 Nonnulli
857 1247 866 1262 ,
898 1224 950 1265 qui
973 1223 1130 1264 vulgatam
1154 1223 1360 1263 retinuerunt,

204 1279 252 1309 his
276 1279 368 1310 rebus
393 1280 471 1311 moti
498 1293 522 1310 n
546 1277 630 1318 φύσει
655 1291 718 1311 non
743 1280 783 1310 ad
802 1281 892 1321 jura,
923 1280 978 1311 sed
1011 1279 1049 1310 ad
1074 1290 1124 1310 res
1148 1279 1304 1310 naturales
1328 1279 1360 1310 in
1408 1284 1413 1315 ξ

204 1334 386 1366 universum
410 1336 595 1368 retulerunt.
644 1337 726 1367 Cum
741 1340 847 1367 tamen
873 1332 907 1365 τεέ
933 1334 963 1365 δὲ
988 1334 1083 1365 ὸίκαιει
1107 1331 1248 1376 κινούμενα
1273 1331 1360 1375 ὁρῶσι

205 1391 389 1431 praecedat,
420 1396 451 1422 et
484 1402 562 1432 quae
593 1392 631 1423 de
655 1392 724 1423 Diis
755 1391 901 1423 dicuntur
931 1391 969 1421 ad
989 1392 1060 1432 jura
1084 1390 1188 1422 referri
1212 1390 1359 1430 debeant,
1406 1422 1408 1427 ,

204 1456 267 1477 non
291 1446 399 1484 video,
425 1447 586 1489 quomodo
612 1460 637 1478 τι
661 1444 746 1485 φύσει
770 1458 833 1478 non
858 1447 897 1478 de
915 1447 985 1488 jure
1011 1446 1113 1487 possit
1135 1446 1245 1487 accipi.
1291 1447 1358 1478 Na·
1404 1443 1407 1490 ’ξ

203 1501 349 1533 turalium
373 1514 448 1534 sane
471 1514 574 1534 reruni
599 1514 662 1533 non
688 1514 798 1534 omnes
823 1507 897 1533 sunt
920 1502 1102 1540 mutabilesf.
1134 1513 1228 1543 quare
1259 1503 1359 1534 codex
1404 1505 1406 1512 ’

203 1556 266 1595 Mb,
297 1559 350 1599 qui
380 1558 507 1590 exhibet
538 1556 584 1595 αὖ,
615 1570 678 1590 non
709 1559 790 1590 male
818 1558 894 1600 legit
918 1571 943 1589 τι
965 1555 1013 1589 καὶ
1038 1555 1166 1596 φυσικόν.
1213 1557 1277 1589 Sed
1301 1569 1358 1590 eae

202 1624 252 1645 res
276 1615 450 1649 naturales,
481 1626 560 1656 quae
591 1620 665 1646 sunt
687 1614 916 1652 immutabiles,
946 1614 1122 1655 quomodo,
1154 1619 1189 1645 ut
1220 1613 1356 1645 siderum

203 1675 318 1703 motus,
349 1671 387 1701 ad
418 1671 581 1707 homines,
617 1681 681 1702 non
711 1671 750 1702 ad
782 1672 889 1708 Deos,
922 1675 975 1701 aut
997 1669 1176 1711 quomodo,
1213 1675 1248 1700 ut
1277 1670 1357 1711 ignis

202 1725 348 1763 directio,
379 1726 483 1767 potius
509 1727 547 1757 ad
572 1727 732 1764 homines,
761 1738 854 1768 quam
885 1726 923 1756 ad
949 1727 1038 1757 Deos
1063 1725 1257 1766 pertineant,
1285 1736 1366 1767 pel·-v

203 1781 346 1822 spicuum
371 1793 434 1812 non
460 1788 518 1813 cst.
567 1783 795 1814 Bekkerianam
818 1783 910 1824 igitur
934 1781 1102 1813 lectionem
1127 1781 1226 1812 solam
1250 1792 1355 1813 veram
1403 1802 1405 1806 ι

203 1842 297 1878 puto,
322 1841 353 1868 et
377 1838 407 1868 in
433 1843 552 1868 textum
578 1839 784 1880 recepissem,
815 1839 840 1869 si
865 1837 1132 1870 Bekkerianorum
1158 1843 1190 1868 ct
1213 1848 1353 1868 meorum

202 1893 345 1925 codicum
370 1893 523 1934 scriptura
548 1899 620 1925 ante
645 1895 763 1925 editum
789 1899 910 1926 textum
934 1898 1010 1925 nota
1034 1892 1110 1924 mihi
1132 1893 1253 1930 fuisset,
1281 1903 1353 1934 per-

200 1959 326 1981 suasum
352 1949 487 1987 liabens,
519 1955 550 1980 ct
583 1961 620 1980 ex
650 1950 779 1981 aliorum
812 1949 988 1986 codicibus,
1020 1948 1125 1981 collati
1155 1949 1181 1980 si
1209 1949 1353 1987 fuissent,
1396 1992 1398 1996 ,

199 2005 315 2036 variam
349 2005 430 2036 lianc
465 2005 632 2037 lectionem
666 2006 730 2036 erui
766 2005 917 2046 potuisse.
965 2005 1096 2036 Videtur
1133 2001 1166 2035 οὗ
1200 2004 1352 2036 insertum

199 2072 285 2099 esse,
318 2061 343 2092 si
374 2073 438 2092 non
464 2062 531 2103 jam
556 2061 594 2092 ab
620 2062 782 2095 Eudemo,
816 2068 900 2093 certe
924 2074 940 2092 a
965 2061 1118 2103 quodam,
1155 2061 1206 2102 qui
1230 2065 1350 2092 textum

198 2129 259 2147 non
285 2117 460 2159 intelligens
483 2117 710 2159 Parnplirastae
734 2118 952 2149 auctoritatem
978 2117 1068 2159 sequi
1092 2117 1233 2148 voluerit.
1269 2117 1351 2148 Sunt

197 2178 301 2203 autem
326 2173 420 2204 verba
445 2174 511 2215 ejus
535 2174 628 2207 haec:
665 2172 689 2205 εἰ
710 2171 763 2214 γεῖς
791 2171 837 2205 καὶ
864 2175 932 2211 παρ’
958 2171 1118 2206 §wesma-
1143 2170 1233 2203 πάντα
1260 2166 1289 2215 ἦν
1312 2169 1365 2212 ταζ
