1444 2322
200 7 248 35 XL
336 19 340 23 ·
611 4 780 40 Conspecta·
799 2 861 31 libri
879 1 926 30 1x.
1432 0 1439 42 l

382 108 405 134 b.
427 108 457 134 ln
478 106 640 134 democratia
660 113 768 132 manere
795 105 941 140 plurimum
969 104 1116 138 amicitiae,
1136 113 1197 132 cnm
1217 105 1288 133 τίνει
1301 105 1356 133 sint

429 147 497 173 inter
516 155 544 172 sc
563 154 649 181 pares.
672 142 697 181 ᾗ.
719 141 747 172 9.

302 187 328 223 ζ.
350 188 460 222 Caput
481 185 740 212 duodecimum:
762 183 902 211 Amicitiae
915 183 1057 211 societates
1067 185 1164 220 partim
1180 188 1282 218 natura,
1296 194 1356 221 par-

350 227 396 252 tim
417 225 584 260 pactionibus
605 229 735 251 constare.

341 278 386 294 aa.
408 265 548 291 Civitatem
569 269 594 292 et
615 263 745 298 ejusmodi
767 263 908 290 societates
923 271 1055 290 consensu
1076 268 1103 290 et
1123 268 1202 300 pacto
1223 269 1354 296 constare,

341 351 386 380 ββ.
406 306 546 371 {naenias
567 342 826 378 consanguineorum
847 352 862 368 a
883 345 978 369 natura
998 342 1132 378 profectas
1158 344 1272 379 pendere
1300 353 1356 371 om-

408 394 455 411 ues
477 393 489 410 e
511 388 628 419 paterna.
651 381 677 417 9.
699 380 782 410 ‘2—6.

342 437 391 458 77.
408 425 478 450 Intei·
498 425 582 450 virum
603 428 627 450 et
649 432 756 450 uxorem
779 421 921 448 amicitiam
941 431 996 448 non
1017 427 1097 457 pacto
1119 424 1215 456 solum,
1243 424 1290 450 sed
1310 433 1357 450 na-

409 471 466 490 tura
488 465 599 490 maxime
621 463 684 489 fieri.
707 461 733 497 ᾖ.
754 459 857 490 7-10.

273 513 294 530 c.
316 504 356 530 De
378 504 607 530 criminationibus
628 508 654 529 et
675 503 787 538 querelis
813 501 967 528 amicorum.
989 510 1011 528 c.
1035 499 1156 529 13-14.

303 556 328 571 α.
351 545 463 578 Caput
486 544 629 570 tertium
658 543 838 570 decimum:
866 541 907 568 Do
936 541 1164 568 criminationibus
1191 547 1217 569 et
1245 543 1358 578 querelis

355 584 498 609 amicorum
520 584 676 618 aequalium.

343 636 387 650 aa.
410 623 546 656 Ejusmodi
568 624 687 658 querelas
708 624 795 649 locum
817 630 871 647 non
899 620 997 647 habere
1026 621 1051 647 in
1081 621 1197 648 amicitia
1225 621 1358 648 bonorum

411 668 436 688 et
459 664 484 688 in
507 671 546 694 ea,
567 672 634 698 quae
656 668 763 698 propter
780 661 977 695 jucunditatem
999 661 1163 688 conciliatur.
1187 659 1212 696 ᾗ.
1237 658 1316 688 1-3.

342 709 388 737 βῤ.
411 702 441 728 ln
462 702 593 728 amicitiae
615 703 687 728 utilis
708 706 818 736 utraque
840 702 935 735 specie,
965 701 1019 727 sire
1041 701 1159 735 legitima
1180 702 1235 728 sire
1256 702 1359 734 morati,

409 743 528 776 querelas
549 743 610 768 oriri
632 742 766 776 plurimas.
789 737 815 775 ξ.
837 738 920 768 4-8,

342 795 391 815 77.
407 782 551 812 Quomodo
586 782 715 815 ejusmodi
749 781 946 808 criminationes
984 780 1147 815 praecaveri,
1175 777 1222 817 velss
1243 784 1317 808 ortae
1345 790 1359 808 e

412 822 500 848 medio
522 823 578 848 tolli
600 822 711 856 possint.
735 818 760 855 ᾗ.
784 818 887 848 9—11.

302 868 329 895 β.
352 862 462 896 Caput
485 867 642 896 quartum
665 862 846 888 decimum:
867 861 908 887 De
938 860 1166 887 criminationibus
1195 865 1221 887 et
1247 862 1360 897 querelis

355 902 500 927 amicorum
522 901 707 936 inaequalium.

344 954 388 968 ux.
412 941 548 974 Ejusmodi
577 942 676 966 amicos
704 941 843 967 dissentire
871 944 897 965 et
924 940 979 965 fieri
1007 941 1126 974 querelas
1161 940 1194 966 ab
1223 940 1270 972 iis,
1300 941 1362 976 quia

412 982 529 1013 postulat
550 984 667 1015 uterque,
688 985 715 1006 ut
738 981 798 1014 plus
819 979 870 1006 sibi
892 978 1024 1004 tribuatur
1049 988 1127 1013 quam
1158 980 1262 1006 habeat.
1285 978 1311 1015 ὅ.
1337 980 1361 1008 l.

342 1026 389 1053 ββ.
412 1021 478 1045 Cum
501 1028 583 1054 aequa
595 1020 714 1045 videatur
727 1019 863 1054 utriusque
874 1018 1029 1052 postulatio,
1051 1019 1152 1045 meliori
1168 1021 1227 1053 plus
1241 1020 1360 1052 honoris,

413 1059 500 1093 egenti
520 1060 579 1093 plus
600 1063 725 1094 quaestus
746 1063 772 1085 et
787 1059 959 1085 emolumenti
974 1058 1142 1085 tribuemlinn
1155 1068 1220 1086 esse.
1236 1058 1261 1096 §.
1276 1057 1360 1087 2-5.

345 1111 396 1132 77.
412 1101 431 1125 Λ
453 1099 564 1130 minore,
587 1103 679 1132 utpote
700 1107 803 1133 semper
825 1098 940 1126 melioris
961 1098 1095 1124 beneflciis
1117 1099 1261 1130 obstricto,
1290 1101 1359 1127 hune

412 1139 527 1165 abdicari
549 1147 682 1174 nunquam
703 1147 792 1173 posse,
813 1148 828 1165 a
848 1138 956 1164 meliore
983 1138 1110 1164 minorem
1133 1147 1220 1173 posse.
1243 1137 1268 1174 ᾗ.
1289 1138 1316 1166 6.

247 1176 275 1205 2.
298 1178 337 1204 De
349 1178 530 1204 accidentibus
543 1179 681 1205 amicitiae.
705 1179 800 1206 Variae
811 1178 985 1213 proprietates
1006 1183 1200 1212 proponuntur,
1222 1181 1361 1206 solvuntur

296 1219 465 1252 quaestiones
487 1219 540 1244 sive
562 1218 751 1245 dubitationes.
772 1218 878 1245 Liber
899 1226 991 1244 nonu
1000 1227 1020 1243 s.

276 1267 299 1283 a.
322 1258 506 1290 Dum-nimios,
528 1267 595 1292 quac
617 1260 685 1284 circa
707 1259 893 1294 aequalitatem
914 1257 1126 1284 constituendam
1155 1261 1201 1283 aut
1228 1258 1361 1286 turbatam

320 1302 461 1324 versantur.
484 1308 505 1324 e.
530 1295 610 1324 1—3.

306 1350 331 1364 οι.
355 1338 465 1371 Caput
488 1338 649 1371 primum:
678 1338 823 1368 Quomodo
852 1337 1011 1373 aequalitate
1038 1336 1230 1363 introducenda
1258 1346 1362 1365 conser-

357 1383 449 1403 ventur
470 1378 599 1404 amicitiae
621 1378 758 1404 materiam
779 1381 938 1412 spectante&

347 1430 392 1445 aa.
415 1418 604 1444 Difficultateui
625 1418 685 1444 inde
707 1417 778 1450 oriri,
799 1417 885 1453 quod,
906 1426 958 1452 qua
979 1426 1102 1443 mensura
1129 1418 1274 1451 aequalitas
1300 1425 1362 1443 con-

407 1459 540 1489 stituatur,
562 1457 640 1483 certis
663 1458 749 1484 modis
770 1457 951 1484 circumscribi
972 1465 1026 1482 non
1048 1457 1142 1490 possit.
1165 1453 1190 1490 ς’.
1216 1453 1294 1484 1—5.

345 1503 390 1531 ββ.
414 1497 442 1522 ln
464 1506 524 1523 vera
546 1498 661 1523 amicitia
682 1505 695 1523 e
717 1499 828 1524 consilio
850 1497 938 1523 dantis
957 1496 1103 1523 faciendam
1125 1497 1361 1523 remunerationem

416 1546 484 1563 esse:
508 1538 533 1563 in
550 1538 656 1572 reliquis
668 1546 734 1569 enin,
756 1547 822 1573 quae
837 1538 941 1572 utrique
963 1536 1043 1571 digua
1059 1536 1186 1562 bem-ticio
1203 1545 1260 1563 esse
1276 1536 1363 1563 videa-

414 1582 464 1608 tur¹
486 1582 531 1603 aut
553 1578 644 1604 saltem
668 1578 815 1611 accipienti.
837 1575 862 1613 ξ.
885 1573 988 1604 6-11.

305 1621 332 1649 β.
355 1617 469 1649 Caput
492 1618 695 1643 secundum:
716 1617 892 1643 Distieiiltates
914 1620 1048 1643 rei-santes
1069 1617 1138 1642 circa
1157 1624 1268 1650 aequam
1290 1615 1363 1642 retri-

358 1655 493 1682 butionem
517 1657 542 1681 iu
564 1657 685 1683 amicitiis
707 1657 818 1683 sormam
841 1656 1022 1691 spectantibus
1044 1656 1242 1683 instituendam.

349 1708 393 1723 ax.
417 1696 605 1729 l'roponuutur
626 1697 816 1724 dubitationes.
839 1693 866 1731 ξ.
892 1695 915 1724 1.

409 1743 432 1760 a.
456 1735 542 1761 l'riina
569 1736 709 1763 dubitatio.
745 1737 840 1763 Utrum
868 1740 991 1771 oporteat
1020 1735 1101 1762 tilium
1130 1735 1244 1761 tribuere
1273 1735 1362 1762 omnia

460 1776 527 1808 patri
549 1780 574 1801 et
597 1776 622 1801 in
644 1777 768 1803 omnibus
790 1777 906 1808 obedire,
927 1785 1016 1803 necne.
1038 1776 1055 1801 l.
1080 1772 1159 1802 1-4.

419 1815 440 1840 ῐ·.
464 1815 586 1840 Secunda
620 1816 761 1843 dubitatio.
809 1816 936 1843 Amiconc
962 1816 1068 1851 potius,
1097 1824 1176 1851 quam
1204 1816 1259 1841 rii-o
1290 1814 1362 1841 bono

460 1863 541 1888 opera
563 1855 651 1880 danda
672 1857 713 1881 sit,
737 1858 752 1883 l.
775 1855 861 1884 4-5.

418 1902 436 1919 t.
469 1894 559 1919 Tertia
588 1894 730 1921 dubitatio.
778 1896 843 1923 Eine
864 1895 908 1931 qui
932 1895 998 1922 bene
1019 1895 1128 1922 meritus
1155 1899 1193 1920 est
1222 1894 1307 1928 gratia
1327 1894 1363 1920 sit

480 1933 616 1959 reserenda
637 1935 734 1968 potius,
755 1944 833 1970 quam
856 1936 941 1962 sodali
963 1935 1124 1962 donandum.
1147 1936 1164 1961 l.
1186 1931 1272 1961 5—7.

349 1979 395 2007 ββ.
418 1974 560 1999 Tolluntur
581 1974 770 2001 dubitationes.
793 1977 814 2008 ξ.
837 1972 944 2003 2—10.

390 2021 412 2038 a.
435 2013 540 2039 Solutio
563 2014 705 2047 generalis:
729 2014 873 2049 Unicuique
896 2025 910 2041 e
931 2015 1068 2049 dignitate,
1090 2018 1115 2040 et
1138 2018 1166 2040 ut
1188 2018 1293 2048 oportet
1317 2014 1362 2039 tri·

437 2052 569 2078 bnt-ndum
591 2062 656 2079 esse.
680 2055 704 2084 S.
727 2052 744 2080 2
768 2055 800 2086 (ξ.
822 2054 850 2086 8,
872 2055 887 2080 Ι.
916 2052 926 2081 1
945 2052 1011 2089 -4).
1163 2050 1166 2053 ’

391 2093 412 2118 [¹.
435 2092 586 2120 Solutiones
606 2094 786 2128 particulares.
809 2095 831 2127 ξ.
853 2091 959 2123 3-10,
