1439 2342
463 100 537 128 Libri
554 98 613 127 vn.
636 99 701 136 cap.
715 99 778 127 xiv
800 98 880 133 (xv).
1173 91 1245 129 251

94 209 156 243 sito
179 220 197 241 e
226 208 390 241 contrariis
420 208 576 241 attributis
604 213 750 241 neutrum
778 206 948 250 contingit,
984 205 1147 248 continget
1168 215 1247 237 neu-

93 270 177 298 trum
201 265 295 297 etiarn
319 265 408 296 alteri
430 265 592 307 opposito.

183 320 282 352 CAP.
310 319 399 351 XIV.
445 321 473 362 ξ.
501 321 529 353 1.
576 322 633 358 τοῖς
662 318 806 361 λέγουσιν)
832 320 851 351 i.
877 330 903 350 e.
928 318 975 356 iis,
1001 317 1054 360 qui
1078 316 1249 349 secundam

94 377 275 420 opinionem
299 382 543 419 proposuerunt.
589 377 662 408 Non
689 376 769 407 male
792 375 945 417 Aspasius
967 375 998 406 in
1023 373 1249 406 commentario

93 434 216 465 initium
249 434 277 475 {m
311 433 341 465 2.
367 430 415 465 M
439 432 471 464 τί
490 426 535 464 οἶν
558 443 629 464 cum
653 432 754 474 prima
783 432 810 473 ξ.
836 431 998 471 coniunxit
1022 436 1054 461 et
1072 429 1110 460 ad
1135 429 1249 460 ἐπισκε-

94 489 177 522 πτέον
201 489 316 521 retulit.
341 506 382 512 —
407 486 489 529 ἔνιαι)
514 501 544 528 γε
568 488 689 519 addunt
706 488 755 526 El,
772 488 859 525 Vrat,
876 487 1038 519 Bekkerus
1057 485 1124 517 sine
1140 485 1250 517 lectio-

94 546 144 578 nis
167 546 318 577 varietate
343 545 399 586 (de
423 543 468 577 Kb
493 544 670 577 Cardwello
695 542 936 582 dissentiente),
960 543 1032 580 Ald,
1056 542 1136 573 ven.

184 602 212 643 ᾧ.
238 601 268 633 2.
315 597 386 633 ’σ’σων
409 598 458 643 μή)
492 601 574 632 Sunt
598 600 771 632 secundum
786 600 955 641 Aspasium
973 605 1005 630 et
1021 597 1251 639 paraphrasten

95 656 162 699 ἕξεις
185 656 376 699 θεωρητικαί,
411 668 490 699 quae
526 667 686 698 nunquam
722 657 878 688 excedunt
906 655 1033 687 modum
1066 650 1140 695 (οὐχ
1163 649 1251 692 ὑπερ-

96 710 241 753 βάλλουσι
268 710 301 744 τό
333 712 433 752 Mer),
475 718 510 744 ut
546 713 772 754 interpretatur
806 712 1051 753 Paraplirastes3
1091 720 1252 751 nunquam

98 770 183 802 enim
208 769 340 801 nimium
366 768 573 811 contemplari
598 774 630 800 et
653 768 782 800 nimium
809 768 980 810 intelligere
1006 777 1187 808 possumus,
1210 766 1254 797 ita

95 831 132 858 ut
155 836 303 858 excessus
327 825 439 858 horum
464 825 626 857 habituum
644 836 805 867 nunquam
830 824 870 856 sit
892 823 1117 865 vituperabilis,
1141 827 1176 853 ut
1198 832 1253 853 ex-

96 882 192 924 plicat
216 881 380 924 Aspasius.
421 881 484 913 Sed
503 881 663 923 subjungit
678 886 763 913 recte
779 881 928 912 Donatus
946 879 1133 921 Acciajolus,
1158 878 1253 910 etiam

97 937 297 980 operationes
322 938 494 970 secundum
519 938 649 969 virtutes
675 937 809 968 morales
833 948 898 968 non
922 936 1060 978 recipere
1077 945 1253 972 excessum,

97 1005 170 1026 cum
187 994 342 1036 optimum
363 994 403 1026 sit
420 990 542 1036 ἀκρότης
560 995 610 1035 (cf.
628 993 663 1034 11,
689 1005 714 1026 c.
741 992 770 1032 6,
795 994 821 1035 ξ.
850 992 912 1033 16).
927 1010 968 1015 -—-
994 990 1137 1030 ἐναντίως)
1171 990 1253 1023 cum

98 1061 247 1083 excessus
272 1056 394 1082 tantum
419 1051 588 1093 voluptatis
612 1051 776 1092 fugiendus
801 1050 851 1089 sit,
876 1049 967 1081 dolor
993 1054 1098 1079 autem
1121 1047 1172 1079 vel
1195 1046 1253 1078 mi-

97 1107 202 1139 nimus
225 1107 396 1149 voluptati,
432 1107 546 1138 nimiae
577 1112 683 1138 tamen
713 1106 868 1148 voluptati
899 1116 962 1137 non
994 1104 1053 1136 nisi
1077 1114 1116 1135 ex
1139 1107 1254 1135 eventu

99 1164 265 1206 oppositus
290 1163 341 1201 sit,
367 1163 392 1195 si
416 1163 485 1206 quis
512 1174 626 1205 nempe
657 1163 783 1194 nimiam
816 1163 1012 1203 voluptatem
1041 1160 1254 1202 persequiturz

97 1220 229 1252 solvitur
252 1219 428 1257 difficultas,
452 1219 536 1262 quod
561 1220 664 1251 omnis
688 1220 777 1251 dolor
790 1219 831 1250 sit
854 1218 982 1256 maium,
1007 1228 1078 1248 cum
1101 1216 1255 1258 quaedam

96 1277 242 1318 voluptas
267 1277 401 1317 (nempe
430 1276 541 1316 nimia)
574 1286 647 1317 non„
669 1276 710 1308 sit
732 1275 869 1314 bonum3
902 1285 974 1306 nam
1001 1273 1099 1311 dolor,
1131 1273 1182 1314 qui
1208 1277 1257 1304 est

97 1333 208 1370 malus,
232 1342 295 1363 non
321 1333 492 1374 opponitur
515 1331 680 1373 voluptati,
705 1342 784 1374 quae
801 1336 850 1363 est
874 1331 964 1368 mala,
991 1329 1049 1360 nisi
1067 1339 1105 1360 ex
1130 1334 1255 1367 eventu,

98 1388 184 1431 quod
209 1388 374 1429 voluptati,
400 1388 449 1419 cui
474 1389 646 1430 opponitur
675 1388 776 1426 dolor,
801 1387 966 1429 contingit,
991 1391 1025 1417 ut
1049 1385 1089 1417 sit
1114 1385 1256 1424 nimium,

98 1445 239 1487 adeoque
270 1444 396 1476 malum.
444 1444 477 1476 Si
508 1443 599 1475 dolor
622 1444 804 1486 simpliciter
827 1443 970 1475 excessui
993 1441 1162 1483 voluptatis
1171 1465 1179 1480 ,
1205 1441 1257 1483 qui

99 1506 148 1533 est
172 1500 287 1539 malus,
313 1506 544 1542 opponeretur,
578 1511 594 1531 e
625 1500 747 1532 ratione
784 1500 1011 1532 contrariorum
1047 1498 1256 1539 colligendum

99 1562 194 1595 esset,
220 1556 362 1588 dolorem
387 1567 457 1588 esse
481 1567 546 1588 rem
572 1555 698 1588 bonam.
744 1557 788 1588 Et
805 1556 887 1587 bunc
905 1556 1037 1587 eundem
1056 1566 1184 1586 sensum
1201 1555 1256 1586 eli-

99 1613 164 1646 cuit
186 1613 280 1645 etiam
297 1613 534 1654 paraphrastes,
561 1624 654 1655 quem
671 1614 812 1655 sequitur
828 1613 983 1651 Muretus,
999 1612 1259 1653 interpretatione

99 1675 204 1702 tamen
228 1669 386 1712 paululum
413 1675 551 1701 mutata:
576 1670 700 1701 Nimiae
717 1669 871 1711 voluptati
895 1680 957 1700 non
976 1675 1025 1700 est
1042 1669 1131 1699 dolor
1155 1679 1258 1710 oppo-
1284 1673 1286 1676 ’

100 1726 191 1764 situs,
216 1737 287 1758 eum
311 1720 405 1757 nemo
431 1726 546 1764 doleat,
573 1725 675 1757 nimiis
701 1727 785 1768 quod
817 1731 920 1758 careat
948 1724 1174 1767 voluptatibus,
1198 1724 1259 1755 nisi

99 1783 150 1815 ille
174 1782 242 1825 ipse
267 1783 319 1824 qui
343 1787 551 1824 persequatur
583 1783 695 1814 nimias
726 1782 923 1824 voluptates3
948 1781 1129 1824 hujusmodi
1153 1787 1258 1813 autem

101 1839 190 1871 dolor
214 1850 277 1870 non
302 1844 352 1870 est
375 1850 465 1870 verus
483 1839 582 1878 dolor,
607 1839 662 1870 sed
687 1844 723 1870 ut
741 1839 814 1870 dicit
830 1839 1055 1881 paraphrastes
1080 1838 1183 1882 bonus
1200 1838 1258 1881 do-

99 1896 157 1935 lor,
183 1895 254 1942 quja
278 1895 377 1926 malae
401 1895 554 1938 voluptati
579 1895 745 1937 oppositus
769 1901 827 1927 est.
859 1895 905 1926 Ita
927 1900 962 1926 ut
985 1882 1165 1927 seeundumv
1182 1906 1259 1927 eun·

101 1953 174 1984 dem
208 1952 268 1983 hoc
305 1951 400 1983 modo
437 1951 577 1983 solvatur
609 1951 793 1983 difficultas:
834 1946 899 1990 ἁῖςτε
931 1951 985 1983 πᾶν
1010 1948 1121 1993 ἀγαθὼ
1146 1952 1262 1993 ‹psum-<47

103 2006 176 2040 ἐστὶν
202 2007 326 2049 {vavi-[cv³
350 2005 397 2049 zai
421 2008 450 2039 αἱ
474 2007 587 2047 φαῦλαι
610 2004 707 2050 ἡδοναὶ
731 2010 791 2048 ταῖς
816 2005 943 2049 ἀγαθαῖς
966 2005 1069 2046 λύπαις
1093 2005 1159 2039 εἰσὶν
1184 2007 1258 2039 ἐναν-

102 2064 170 2103 τίαι,
194 2061 243 2096 καὶ
267 2065 296 2096 αἱ
319 2061 432 2104 ἀγαθαὶ
455 2067 515 2103 ταῖς
539 2066 682 2103 φευκταΐς.

191 2121 217 2162 ᾧ.
244 2120 274 2153 3.
322 2121 421 2163 (Cap.
445 2121 532 2160 XV.)
580 2121 660 2154 Cum
684 2120 748 2154 ἐπεί
766 2121 827 2153 hoc
851 2121 920 2153 loco
945 2133 1007 2153 non
1035 2121 1102 2153 sine
1127 2121 1259 2163 apodosi

103 2189 175 2211 esse
199 2177 318 2221 possit,
350 2177 421 2222 quia
452 2177 594 2221 sequitur
617 2177 649 2210 δέ
676 2178 729 2218 (cf.
753 2189 838 2222 supr.
864 2178 902 2210 ad
928 2179 965 2216 V,
991 2189 1017 2210 c.
1044 2177 1073 2217 6,
1099 2179 1124 2222 ᾧ.
1152 2180 1203 2217 7),
1228 2183 1260 2211 et
