1439 2342
172 27 242 63 142
457 28 636 55 Commentnr.
663 26 698 54 ad
718 27 828 54 Aristot.
848 25 935 53 ethic.
956 25 1060 52 Nicom.

170 137 265 175 tatis,
289 135 464 168 dummodo
486 133 638 175 dignitate
660 133 742 175 ipsa.
781 130 913 175 Ἀξίωμα
934 132 1029 174 igitur
1052 132 1093 173 (ξ.
1111 131 1164 172 10)
1187 140 1253 163 non
1274 135 1326 164 est
1376 168 1378 177 y

171 195 219 224 sui
241 192 417 229 aestimatio,
441 189 499 221 sed
521 188 592 230 ipsa
614 190 756 230 diqnitas,
781 199 855 220 eum
877 183 949 228 πρὲς
971 183 1056 219 αὑτόν
1079 187 1120 219 ad
1142 186 1325 228 opinionem

171 247 331 289 dignitatis
354 244 554 277 referendum
577 244 628 276 sit.
680 243 904 277 Pusillanimus
927 254 993 275 non
1017 247 1131 285 aequat
1159 241 1326 283 magnani-

171 313 258 334 mum
284 312 344 334 nec
374 301 423 332 sui
446 299 666 332 aestimatione
689 310 749 331 nee
771 300 841 341 ipsa
869 298 1032 341 dignitate.
1090 298 1164 330 Jam
1187 298 1326 337 inflatus,

169 362 264 400 prout
297 357 330 388 in
359 367 509 395 excessu,
542 355 649 397 ipsum
679 355 913 397 magnanimum
950 364 1099 396 superare
1135 353 1265 385 deberet
1293 352 1326 384 in

117 420 120 423 '
169 418 315 455 utroque.
362 412 427 444 Sed
451 412 540 443 addit
563 411 720 453 expressis
743 410 847 443 verbis
870 410 1075 449 Aristoteles,
1109 409 1194 440 hunc
1215 419 1325 440 exces-

170 480 240 500 sum
268 468 309 500 ad
337 467 386 499 sui
415 466 669 499 aestimationem
697 471 821 498 tantum
850 466 1026 507 pertinere,
1061 475 1127 496 non
1154 464 1194 495 ad
1222 463 1326 504 ipsam

170 523 360 566 magnanimi
380 523 576 564 dignitatem.
625 522 712 555 Quin
744 522 915 554 absurdum
945 525 1047 559 esset,
1077 520 1146 562 ipsa
1174 518 1326 561 dignitate

169 579 404 621 magnanimum
421 577 459 609 ab
475 578 584 609 inflato
601 578 757 619 superari3
778 577 907 616 etenim,
931 581 967 608 ut
977 577 1043 618 jam
1067 575 1094 616 ξ.
1111 574 1142 607 6.
1166 575 1255 614 dixit,
1277 579 1327 607 est

168 634 387 676 magnanimus
403 645 546 665 summus
563 633 779 675 magnitudine
802 632 927 675 (μεγέθει
950 624 1057 672 ἄκρος).
1089 631 1250 672 Opinione
1269 641 1326 662 au-

169 695 234 722 tern
258 689 418 732 dignitatis
442 700 518 721 sane
540 688 667 720 inflatus
690 689 924 730 magnanimum
942 698 1089 729 superare
1106 692 1232 728 potestz
1256 686 1326 728 opi-

169 746 222 777 nio
246 745 331 777 enim
355 745 516 786 dignitatis
539 745 572 776 in
594 745 794 786 magnanimo
822 756 888 776 non
911 749 961 776 est
985 743 1168 785 simpliciter
1193 753 1326 781 summa,

169 801 228 834 sed
256 801 296 832 ad
326 801 427 842 ipsam
459 811 586 842 semper
615 801 802 842 dignitatem
830 800 1087 838 accommodata3
1122 798 1222 830 inflati
1251 809 1326 830 vero

170 857 330 899 dignitatis
354 856 462 897 opinio
485 861 536 888 est
558 856 743 897 simpliciter
766 867 888 888 summa
910 856 961 888 vel
982 855 1016 887 in
1046 865 1198 893 excessu,
1227 854 1326 895 ipsius

171 912 332 954 dignitatis
354 923 518 953 nunquam
540 911 648 943 habita
670 911 804 944 ratione.

258 991 286 1032 ξ.
313 989 364 1021 13.
389 988 616 1031 παρασείσαντι)
645 1000 689 1021 sc.
713 991 828 1029 χεῖραςε
860 989 900 1020 de
921 989 994 1030 fuga
1016 987 1196 1029 praecipiti,
1226 987 1326 1029 qualis

170 1050 220 1078 est
241 1045 437 1087 ignavorum.
483 1045 533 1077 Cf.
561 1044 694 1077 Aristot.
718 1045 770 1076 De
793 1045 920 1077 incessu
949 1044 1074 1075 animal.
1102 1055 1130 1075 c.
1154 1043 1191 1075 3:
1224 1040 1273 1074 καὶ
1297 1043 1323 1074 οἱ

170 1101 280 1139 θέοντες
305 1099 414 1133 θᾶττον
443 1099 547 1132 θέουσι
575 1099 774 1141 παρασείοντες
797 1097 848 1138 τιῖς
877 1102 987 1140 χεΐζεας.
1046 1099 1144 1140 CujUs
1173 1098 1219 1130 rei
1247 1098 1327 1130 ratio

170 1157 311 1188 redditur
334 1156 506 1187 admodum
529 1156 696 1198 perspicua
716 1155 875 1187 Problem.
898 1156 937 1194 V,
962 1155 999 1187 8:
1031 1150 1045 1186 ὃ
1068 1154 1142 1187 ,θέων
1166 1152 1327 1194 παρασείων

170 1209 348 1252 ἀπερείδεται
372 1208 442 1251 mk·
466 1208 516 1249 τεῖς
538 1213 649 1251 χεῖρας.
705 1211 816 1253 Inepte
838 1209 890 1242 M»,
914 1209 1141 1250 παραπείσαυτι,
1166 1210 1242 1241 item
1266 1210 1327 1241 Par

171 1267 397 1309 (superscripta
421 1271 527 1298 tamen
550 1266 640 1298 litera
661 1267 704 1307 σ),
728 1267 808 1298 Ven.
833 1286 873 1292 —
897 1266 1020 1307 γελοῖος)
1049 1267 1156 1307 γελοΐεν
1179 1265 1230 1304 ΕΙ,
1253 1265 1326 1304 NC,

170 1323 247 1362 Par,
271 1333 319 1364 pr.
343 1321 390 1354 Kb
419 1322 604 1363 (secundum
627 1322 835 1361 Bekkerum).

259 1401 287 1442 ξ.
306 1399 359 1433 16.
404 1400 527 1442 γένηται)
552 1399 625 1438 Par,
648 1400 815 1432 Bekkerus
837 1399 957 1442 γίνηται.
973 1419 1017 1424 -
1040 1395 1075 1437 ὥς
1097 1398 1240 1442 μέγιστον)
1258 1399 1326 1431 Nec

169 1467 240 1489 cum
270 1455 430 1488 Lambino
460 1461 567 1487 verto:
596 1458 647 1497 qui
677 1459 774 1487 tamen
795 1467 884 1497 quam
912 1457 1047 1487 maaima
1076 1465 1127 1486 res
1153 1458 1199 1486 est
1225 1449 1270 1492 (ον
1291 1468 1326 1493 ως

169 1525 201 1553 με
191 1511 327 1577 {rm-mk
350 1522 453 1553 neque
476 1511 709 1553 Paraphrasten
734 1523 866 1554 sequor·
896 1507 928 1542 οὗ
950 1523 1005 1552 γαρ
1029 1509 1161 1553 μέγιστον
1189 1505 1326 1551 ἦγησεται

169 1564 218 1609 τὴν
241 1580 323 1609 τιμνν
346 1580 395 1598 και
418 1580 493 1598 ουτω
514 1580 549 1598 πε
552 1564 581 1608 pi
602 1580 649 1598 aii
642 1564 688 1609 τὴν
714 1565 755 1609 ἓξε
759 1581 768 1599 ι
792 1581 827 1606 ως
849 1566 981 1609 μέγιστον
1005 1578 1049 1603 ci,
1080 1570 1232 1608 tanquam
1256 1577 1324 1597 ma-

169 1623 337 1665 gnanimus
361 1634 426 1654 non
449 1627 559 1665 putet,
583 1623 739 1655 honorem
763 1634 835 1655 esse
859 1622 1016 1655 bonorum
1040 1621 1222 1653 maximum.
1262 1621 1325 1654 Sed

170 1683 221 1710 est
243 1678 400 1720 ejusmodi
426 1678 623 1711 accusativus
647 1679 824 1717 absolutus,
849 1678 888 1710 de
913 1689 974 1720 quo
992 1688 1087 1718 supra
1111 1677 1161 1718 (ad
1176 1676 1227 1715 III,
1251 1688 1279 1709 c.
1293 1677 1324 1716 2,

170 1734 199 1776 ξ.
217 1733 273 1772 16)
298 1733 394 1764 verba
415 1733 562 1773 fecimu83
588 1735 701 1776 supple
726 1735 818 1776 igitur
841 1745 858 1766 e
881 1730 962 1776 τιμήν
985 1733 1118 1764 alterum
1147 1732 1324 1774 subjectum

169 1786 203 1820 τὸ
238 1788 403 1831 τιμᾶσθαι,
433 1789 482 1820 vel
507 1789 590 1820 aliud
616 1790 733 1829 simile,
763 1795 796 1822 et
815 1794 922 1822 verte:
957 1799 1023 1821 cum
1052 1791 1149 1820 tamen
1171 1790 1264 1820 honor
1285 1791 1327 1820 sit

169 1847 334 1877 maximum
356 1846 506 1883 bonorum,
531 1845 650 1876 scilicet
673 1851 884 1877 externorum.
930 1843 1078 1887 Alioquin
1099 1843 1184 1875 enim
1199 1843 1323 1875 Aristo-

169 1901 249 1932 teles
273 1893 360 1931 οἶα-αν
384 1900 548 1942 scripsisse
571 1900 690 1932 debuit.
718 1919 755 1924 —
782 1897 826 1932 ὸιὸ
849 1899 914 1939 καί)
937 1899 990 1931 καί
1011 1910 1075 1931 om.
1098 1900 1178 1938 Par,
1198 1899 1267 1931 Ven
1291 1905 1323 1930 et

171 1955 346 1988 Bekkerus.

260 2023 289 2064 ξ.
316 2023 366 2054 18.
412 2022 508 2064 (Cap.
530 2021 627 2060 VIII.)
673 2020 807 2063 τιμητές)
837 2022 965 2065 τιμητέος
993 2022 1072 2061 Par,
1101 2022 1188 2060 Ven,
1218 2022 1322 2063 Aspa-

172 2078 236 2110 sius
259 2082 292 2110 et
313 2077 495 2117 Bekkerus;
520 2078 608 2119 cujus
632 2078 718 2110 solus
742 2077 795 2109 Mb
819 2079 976 2120 vulgatam
999 2083 1115 2110 tuetur.
1142 2097 1180 2103 —
1213 2070 1320 2119 ἄμφω)

1370 1220 1401 1302 4·
