1439 2342
180 42 229 78 92
455 46 632 72 commentar.
662 44 695 70 ad
716 44 826 71 Aristot.
846 44 932 71 Ethic.
954 44 1057 71 Nicom.

180 153 264 194 λαίῳ,
283 157 319 184 ut
334 152 511 193 Giphanius
527 151 682 192 intelligit,
707 150 763 182 sed
779 155 816 182 ut
826 151 1072 193 Pamphi-astes:
1097 151 1139 183 νῦν
1153 151 1184 183 δὲ
1201 149 1265 192 περὶ
1281 152 1334 184 τῶν

181 209 286 241 λοιπῶν
303 207 406 239 παθῶν
421 207 551 248 λέγωμεν,
567 206 711 247 ζητοῦντες
727 206 753 238 ἐν
773 203 887 248 ἑκάστῳ
904 204 952 248 τὴν
967 204 1115 249 μεσότητα
1130 205 1179 239 καὶ
1194 203 1231 239 w:
1247 199 1332 247 ἄκρα.

270 264 297 304 ξ.
325 263 375 295 11.
422 261 615 302 διαφέρουσι)
639 261 830 302 διαφέρουσαι
852 263 916 302 Η“,
937 261 1002 302 Kb,
1025 260 1089 302 Lb,
1113 261 1183 302 Mb,
1207 258 1333 295 codices

181 319 333 356 Morellii,
359 318 490 355 Comes,
513 317 676 349 Bekkerus
702 319 742 358 (v.
767 329 853 359 supr.
877 318 917 350 ad
940 318 964 357 Ι,
988 329 1015 350 c.
1040 318 1078 357 4,
1103 319 1132 360 ξ.
1153 320 1184 357 5,
1208 329 1240 360 p.
1263 318 1334 357 22).

269 375 296 416 ξ.
327 373 375 405 14.
422 370 456 411 ὡς
478 371 645 415 καταπλήξ)
670 369 705 412 ὥς
729 369 743 404 ὁ
766 371 933 415 καταπλήξ)
958 375 1051 412 Vrat,
1076 374 1207 412 Coraes,
1233 373 1335 406 Card-

179 431 284 462 wellus
308 440 347 462 ex
370 427 416 462 K'³
440 434 473 461 et
493 429 658 461 Bekkerus
689 429 794 461 tacite.
840 430 932 462 Tunc
959 430 1040 461 verti
1063 430 1209 462 deberet:
1246 431 1335 462 sicuti

180 490 264 519 homo
286 488 508 530 consternatum
533 485 588 517 sed
610 485 763 527 adjective
787 485 936 527 accipias:
961 489 1100 526 tanquam
1121 489 1335 518 consternatus.

268 543 296 584 ξ.
323 541 374 574 16.
422 539 541 579 τούτων)
566 535 611 571 οἶν
635 539 739 572 τούτων
762 541 848 579 Ven,
872 541 934 572 Ald
957 546 990 572 et
1012 541 1190 574 Turnebus.
1215 559 1259 565 —
1277 537 1335 574 ἆλ-

178 599 258 639 hosa)
285 599 371 630 Cave
394 597 549 638 intelligas
573 602 700 627 nostros
714 596 900 628 Ethicorum
925 596 1031 634 libros,
1056 597 1112 628 sed
1129 597 1211 628 aliud
1233 596 1336 639 cogita

179 651 358 684 Aristotelis
383 663 480 694 opus;
512 662 607 694 quare
631 648 736 683 τεύτων
759 663 799 684 ne
823 652 862 683 ad
887 652 1008 690 omnia,
1037 663 1117 694 quae
1148 652 1210 684 hoc
1233 653 1336 695 capite

179 707 364 740 adumbrata
387 713 478 746 sunt,
508 708 605 746 refer,
637 707 694 739 sed
717 708 756 739 ad
781 707 923 749 proxime
957 708 1178 749 praecedentia
1203 709 1243 750 (ξ.
1271 708 1334 750 15),

179 774 259 804 quae
287 764 385 795 fusius
410 769 546 796 tractata
570 768 740 795 occurrunt
770 763 801 794 in
826 764 921 795 Rhet.
945 763 991 803 ΙΙ,
1016 763 1046 795 9.
1073 781 1111 788 —
1143 761 1335 806 δικαιοσύνης)

177 819 306 852 Justitia
329 825 379 851 est
401 819 512 851 tertius
536 819 614 851 ordo
638 819 806 857 virtutum,
837 830 916 861 quae
940 820 1020 852 circa
1049 820 1209 861 appetitus
1233 820 1335 852 socia-

179 876 225 907 les
248 880 430 907 versantur:
466 875 509 906 ita
532 880 568 907 ut
590 881 722 916 uterque
746 875 921 916 appetitus,
945 880 978 907 et
1001 875 1049 906 sui
1073 876 1282 907 conservandi
1304 881 1337 908 et

179 930 303 963 socialis
326 931 409 972 (vide
432 942 527 972 supra
551 931 589 962 ad
613 931 636 969 Ι,
660 942 687 962 c.
712 932 731 963 5
757 931 848 971 init.),
875 930 975 962 tribus
999 931 1134 972 gaudeat
1156 930 1335 971 ordinibus;

178 987 250 1018 vide
274 987 314 1018 de
337 987 506 1028 partitione
530 986 683 1018 virtutum
701 987 920 1027 Conspectum
943 986 1013 1017 libri
1028 986 1078 1025 ΙΙΙ,
1102 986 1175 1018 inde
1199 999 1216 1018 a
1233 987 1336 1028 capite

179 1042 198 1074 6
223 1048 256 1074 et
277 1043 428 1074 librorum
450 1042 491 1074 IV
515 1047 548 1074 et
571 1043 615 1074 V:
651 1053 710 1074 nec
733 1053 797 1073 non
821 1042 934 1073 librum
959 1053 1065 1073 meum
1088 1043 1150 1074 Die
1171 1043 1263 1074 Etlaik
1285 1044 1337 1074 dea

179 1099 354 1130 Aristoteles
377 1104 454 1137 etc.,
482 1109 514 1139 p.
539 1098 676 1136 21-31,
701 1103 732 1129 et
757 1098 885 1131 55-62.
935 1098 964 1138 1)
989 1099 1165 1131 Primorum
1190 1098 1334 1130 ordinum

177 1155 310 1186 virtutes
334 1159 409 1186 sunt
432 1154 666 1186 mediocritates
691 1154 771 1185 circa
795 1154 944 1185 affectus:
969 1158 999 1191 a)
1024 1155 1176 1185 fortitudo
1199 1160 1233 1186 et
1255 1161 1337 1186 tem-

180 1209 322 1252 perantia
336 1209 368 1240 in
384 1210 526 1251 appetitu
543 1210 590 1240 sui
607 1210 825 1248 conservandi,
842 1209 924 1241 circa
940 1210 1134 1251 voluptatem
1152 1215 1184 1241 et
1196 1211 1337 1242 dolorem

178 1271 341 1304 versante3
368 1267 395 1303 b)
412 1265 621 1296 mansuetudo
644 1266 676 1296 in
701 1265 844 1306 appetitu
868 1265 985 1304 sociali,
1009 1277 1071 1307 quo
1087 1266 1132 1297 ira
1148 1266 1336 1298 continetur.

177 1323 209 1362 2)
231 1321 450 1353 Secundorum
474 1321 618 1352 ordinum
642 1321 774 1352 virtutes
800 1327 874 1352 sunt
897 1322 1081 1362 plerumque
1105 1321 1338 1354 mediocritates

178 1377 260 1409 circa
275 1377 434 1408 actiones:
459 1380 489 1415 a)
502 1376 670 1408 liberalitas
687 1382 719 1409 et
737 1377 968 1418 magnificentia
982 1377 1012 1407 in
1026 1376 1119 1408 rebus
1132 1377 1196 1408 suis
1209 1389 1337 1410 conser-

178 1433 307 1472 vaudis3
331 1434 359 1470 b)
376 1433 519 1470 virtutes,
544 1444 623 1474 quae
647 1433 678 1463 in
703 1433 863 1464 actionum
884 1433 1111 1464 communitate
1133 1438 1166 1464 et
1187 1434 1338 1466 societate

179 1493 353 1520 versantur.
386 1489 417 1529 3)
431 1489 464 1520 In
478 1489 641 1519 tertiorum
655 1489 800 1520 ordinum
812 1489 979 1520 virtutibus
994 1489 1226 1521 mediocritates
1239 1489 1338 1521 maxi-

179 1556 262 1575 mam
276 1549 397 1585 partem
411 1545 616 1585 proportione
631 1545 765 1586 quadam
779 1550 944 1576 constant:
965 1548 995 1582 a)
1005 1545 1187 1586 magnitudo
1201 1545 1294 1576 animi
1307 1545 1338 1577 in

179 1601 299 1632 honore
323 1612 380 1631 suo
405 1601 634 1639 conservande,
654 1601 783 1642 jamque
800 1612 838 1632 ex
855 1601 995 1632 secundo
1013 1601 1122 1632 ordine
1141 1601 1338 1642 appetituum

179 1656 228 1687 sui
251 1656 457 1687 conservandi
482 1656 733 1697 magnific-entim
757 1658 785 1695 b)
810 1656 936 1688 socialis
960 1657 1095 1695 virtutis,
1119 1668 1198 1699 quae
1215 1657 1339 1699 justitia

179 1717 320 1749 vocatur,
345 1712 583 1752 proportionem
607 1713 820 1754 Philosophus
844 1712 923 1744 infra
947 1713 996 1753 (V,
1019 1724 1044 1744 c.
1063 1714 1132 1752 3-5)
1158 1712 1338 1744 declarabit.

180 1768 261 1799 Cum
275 1768 358 1798 enim
371 1768 493 1808 justitia
511 1780 573 1798 non
591 1769 631 1799 sit
649 1769 781 1810 simplex
796 1769 894 1799 virtus
909 1766 982 1807 (ἐπεὶ
1001 1765 1057 1809 offo<
1081 1765 1178 1805 ἁπλῶς
1200 1767 1337 1808 λέγεται),

181 1823 237 1855 sed
261 1823 472 1864 multipliciter
495 1824 632 1862 dicatur,
664 1824 707 1856 ita
731 1830 766 1856 ut
789 1824 898 1866 paucis
925 1825 1070 1866 explicari
1095 1830 1245 1865 nequeat,
1270 1824 1336 1866 jam

181 1890 239 1910 nos
264 1879 301 1910 ad
327 1879 429 1920 ipsam
453 1879 493 1910 de
519 1880 641 1921 justitia
666 1881 911 1922 disputationem
943 1880 1037 1917 (libro
1060 1881 1103 1915 V)
1128 1879 1243 1921 rejicit,
1274 1879 1337 1918 ubi,

177 1935 301 1976 justitia
325 1935 355 1966 in
373 1947 446 1967 suas
471 1942 576 1977 partes
593 1936 702 1975 divisa,
726 1937 756 1967 in
776 1942 866 1979 parte
882 1947 1068 1978 unaquaque
1090 1935 1337 1968 mediocritatem

180 1991 355 2033 investigat.

268 2047 366 2079 CAP.
383 2047 474 2078 vlu.
501 2048 704 2089 (Cap.Vl{1.)
730 2049 758 2089 ξ.
773 2050 802 2081 -Ι,
829 2048 965 2089 πλείστη)
984 2050 1031 2080 Ex
1045 2047 1230 2080 auctoritate
1241 2047 1336 2089 pluri-

179 2114 300 2134 morum
315 2104 470 2142 codicum,
489 2104 677 2146 quibusjam
694 2116 777 2136 nunc
788 2105 975 2137 Bclxkcriani
993 2105 1156 2142 accedunt,
1174 2103 1260 2135 solus
1274 2103 1337 2134 fere
