1439 2342
175 55 249 92 302
454 57 634 84 Commenta.
659 56 694 83 nd
714 56 823 83 Ari-tot.
843 55 931 83 ethic.
951 55 1056 84 Nicom-

175 166 269 198 kerus
292 164 466 197 seeundum
491 173 566 194 suos
589 162 726 201 codices,
754 162 894 204 exceptis
917 160 973 201 Ι),
998 161 1065 202 0⁵3
1089 172 1208 195 novum
1237 171 1328 204 argu-

176 226 319 253 mentum
343 225 476 261 utraque
499 218 651 260 particula
675 218 746 257 (sed
770 231 801 250 τε
825 219 951 258 melius)
971 219 1120 251 inducere
1141 222 1261 260 potest.
1284 235 1330 241 —

177 273 238 307 ἐστὶ
267 275 391 317 μᾶλλον)
422 275 532 317 μᾶλλον
562 273 628 306 ἐστί
652 275 729 313 Par,
755 273 946 306 Cardwellus
970 279 1004 306 et
1027 274 1190 306 Bekkerus
1214 283 1328 305 secun-

177 331 251 363 dum
275 331 401 363 codices
425 341 512 363 suos.
909 319 914 322 Ι

266 388 294 428 ξ.
319 386 350 418 3.
382 386 406 418 ἐν
431 382 564 426 ἄωχιάις
580 396 679 427 usque
703 386 742 417 ad
760 385 785 417 ἐν
808 382 964 426 εὐτυχίαις)
981 385 1160 418 Posteriore
1180 386 1251 418 loco
1267 395 1330 427 po-

176 447 256 473 nunt
269 439 402 482 ἆτυχίαις
415 442 486 480 Par,
500 442 587 479 Vrat‚
597 440 706 479 H·,K¹²
715 441 902 481 (secundum
911 441 1118 481 Bekkerum),
1131 439 1258 480 L¹‘‚M'',
1269 439 1328 480 ΝΒ,

176 498 599 538 Bekkerus‚Pa1-aphrastes,
614 497 847 538 Argyropylus;
871 497 982 528 meiius
1006 497 1103 529 videri
1128 497 1240 539 possit,
1259 496 1330 528 voci

177 550 319 594 εὐτυχίαις
326 548 463 595 ffliorem
477 553 651 584 concedere
665 552 780 590 locum,
797 563 867 584 cum
883 553 922 584 de
937 552 1031 584 rebus
1051 553 1197 585 secundis
1211 558 1329 595 agatur.

177 610 243 642 Sed
273 621 343 641 cum
373 609 478 641 dicere
507 614 617 640 auctor
646 609 738 646 velit,
769 609 800 639 in
831 608 924 640 rebus
956 609 1102 641 secundis
1132 620 1196 640 non
1226 609 1329 640 minus

177 676 258 707 opus
281 675 352 697 esse
376 665 483 696 amicis
515 675 607 706 quam
638 664 668 695 in
699 664 793 696 rebus
823 664 980 704 adversis,
1012 665 1172 697 maluerim
1203 665 1228 696 ἐν
1258 660 1330 696 ἄτυ-

176 721 254 762 χίαις
277 721 387 763 μᾶλλον
411 720 580 761 praemitti,
606 731 684 762 quae
710 725 758 751 est
782 720 916 762 vulgaris
934 720 1041 761 opinio
1059 732 1150 763 quam
1169 721 1330 752 confutare

177 778 296 809 Noster
318 777 435 808 studet.
462 794 498 798 -
526 775 635 817 μῖἵλλον
660 777 706 807 δεῖ
725 774 829 815 φίλων)
854 774 906 807 Mb
930 777 977 807 ὁέἴ
996 775 1084 815 φίλων
1107 776 1226 818 μᾶλλον.

265 833 293 874 ξ.
318 832 349 864 4.
395 829 533 874 μονώτην)
558 832 596 863 cf.
621 842 715 872 supra
739 831 761 869 I,
786 843 812 863 c.
839 833 868 869 7,
894 833 921 872 ξ.
948 831 984 871 63
1011 844 1037 864 c.
1063 832 1094 871 8,
1120 833 1147 874 ᾧ.
1175 832 1225 866 16.

268 889 296 928 ᾧ.
321 890 351 920 5.
399 885 561 925 ἐπειςάκτου
582 883 694 928 ἡδονῆς)
721 888 770 919 Cf.
796 898 891 929 supra
914 887 942 923 l,
967 899 994 919 c.
1019 888 1056 926 8,
1081 889 1108 929 ξ.
1136 888 1186 920 12.
1211 887 1329 919 Mirum

177 943 275 975 videri
299 943 426 984 poterit,
451 954 505 974 cur
529 948 638 974 auctor
661 954 736 982 non,
760 949 795 974 ut
820 954 894 975 mox
918 945 962 985 (ξ.
980 944 1009 975 6.
1035 949 1067 976 et
1091 945 1136 983 7),
1161 944 1200 975 ad
1224 944 1328 976 locum

177 1000 266 1030 initio
296 999 478 1030 Etbicorum
508 999 795 1031 Nicomacheorum
826 1000 963 1040 positum
995 1011 1054 1032 nos
1084 999 1243 1042 rejecerit3
1273 1001 1329 1031 sed

175 1055 247 1087 vide
271 1065 355 1096 supr.
380 1055 418 1086 ad
442 1054 520 1093 VIII,
545 1066 571 1086 c.
597 1054 626 1092 9,
653 1055 680 1095 ξ.
709 1056 737 1086 1.

398 1111 406 1122 ,
453 1107 460 1118 ,
509 1109 525 1118 .,
576 1107 583 1119 x

177 1172 260 1198 strae
283 1167 310 1207 ξ.
335 1166 496 1204 vocabula,
522 1166 602 1197 sicut
628 1172 660 1197 et
685 1167 712 1207 ξ.
744 1168 773 1197 7.
797 1163 935 1206 καθάπερ
966 1167 991 1197 ἐν
1021 1163 1102 1210 ἀρχῇ
1133 1164 1242 1208 εἴρηται
1273 1167 1328 1204 (cf.

176 1221 199 1260 Ι,
221 1234 248 1254 c.
272 1221 304 1260 8,
329 1221 356 1262 ᾧ.
384 1222 449 1259 10),
471 1221 628 1253 secundae
654 1221 808 1252 debentur
831 1222 946 1253 manui.

264 1277 290 1318 ξ.
323 1278 352 1307 7.
405 1277 549 1308 Protasin
588 1288 675 1308 more
717 1277 811 1309 solito
848 1283 922 1318 post
959 1277 1160 1318 parenthesin
1200 1277 1328 1310 demum

177 1333 298 1364 claude.
344 1333 397 1364 Sic
414 1333 639 1374 Argyropylus,
664 1332 850 1363 Lambinus.
888 1333 1033 1375 Elerique
1049 1338 1155 1364 tamen
1175 1333 1330 1375 apodosin

172 1389 237 1430 jam
270 1388 344 1419 inde
374 1387 413 1419 ab
444 1388 473 1418 αἱ
503 1388 556 1419 τῶν
580 1387 742 1419 σπουδαίων
766 1385 802 1429 δή
829 1389 1003 1420 ordiuntur.
1049 1389 1186 1420 Nostrae
1216 1389 1330 1420 rationi

176 1444 283 1475 favent
307 1443 405 1482 CCC,
430 1444 517 1482 Vrat,
541 1444 614 1482 Ald,
637 1444 777 1485 legentes
807 1456 870 1476 non
903 1445 984 1476 male
1013 1444 1175 1476 σπουδαίων
1204 1444 1250 1476 ὂέι
1281 1449 1331 1476 est

177 1500 261 1530 enim
286 1497 323 1540 δή
346 1500 404 1530 hoc
429 1499 498 1530 loco
523 1510 580 1540 pro
605 1499 637 1530 δέ
658 1500 815 1540 positum,
848 1506 880 1532 et
905 1498 941 1542 ἐή
971 1501 1102 1542 apodosi
1133 1496 1168 1539 (ἑ
1191 1497 1330 1542 μακάριος

177 1552 229 1596 δή)
258 1556 408 1586 reservari
439 1560 589 1596 praestat.
644 1556 761 1587 Ultima
792 1561 896 1587 autem
931 1556 1025 1587 verba
1054 1557 1146 1598 hujus
1171 1557 1200 1598 ξ.
1225 1554 1330 1588 οἴωνται

177 1610 210 1642 δέ
230 1624 257 1642 κ.
282 1624 308 1642 τ.
332 1615 359 1643 λ.
390 1621 501 1642 omnes
537 1622 606 1642 cum
639 1612 783 1653 sequenti
823 1612 850 1652 ξ.
889 1613 1099 1653 conjungunt,
1138 1617 1213 1653 post
1243 1610 1330 1652 φίλου

178 1658 252 1704 ἔντος
275 1671 427 1707 punctum
457 1671 622 1707 ponentes.
669 1667 799 1698 Rectius
826 1667 974 1705 forsitam
1004 1667 1141 1709 incipere
1173 1667 1257 1699 enim
1281 1668 1331 1700 hic

177 1722 301 1753 videtur
323 1722 496 1753 secundum
522 1728 752 1763 argumentum.
799 1723 867 1755 Nec
893 1733 1017 1764 pugno,
1042 1723 1067 1754 si
1092 1723 1144 1765 qui
1173 1721 1283 1755 οἴονταί
1299 1736 1330 1755 τε

178 1777 320 1819 legerint,
344 1783 379 1809 ut
403 1777 568 1808 Bekkerus
593 1778 767 1809 secundum
794 1779 921 1810 codices
946 1789 1031 1816 ευοε,
1056 1784 1188 1821 excepto
1204 1777 1260 1817 Kb,
1278 1779 1331 1821 qui

179 1830 235 1864 οἷ’έν
259 1846 287 1864 τε
313 1833 484 1864 secundum
510 1833 731 1872 Cardwellum‚
757 1831 813 1865 οῖέν
837 1848 865 1865 τε
891 1834 923 1865 δέ
953 1835 1126 1866 secundum
1151 1835 1329 1866 Bekkerum

178 1888 262 1930 legit.
286 1907 330 1912 —
354 1888 405 1920 τοῦ
428 1885 544 1929 ἀγαθοῦ
567 1885 607 1928 δ’)
630 1889 681 1921 τοῦ
704 1886 729 1921 δ’
753 1887 871 1930 ἀγαθοῦ
893 1890 1087 1922 Cardwenus
1112 1896 1143 1922 et
1167 1890 1330 1923 Bekkerus

178 1955 216 1975 ex
238 1945 292 1983 H¹',
315 1943 372 1982 Kb,
397 1943 459 1982 Mb,
483 1943 538 1977 Νὴ.
566 1964 603 1970 -
630 1948 745 1985 θεωρεῖν
770 1946 814 1985 δέ)
839 1946 872 1977 ὀί
893 1957 956 1978 om.
982 1945 1045 1985 Mb,
1069 1946 1157 1989 quasi
1181 1947 1330 1988 apodosis

173 2001 239 2041 jam
263 2000 313 2032 hic
340 2000 480 2042 incipiat.
503 2019 547 2024 —
571 1998 709 2040 ἑαυτούς)
739 2002 833 2034 Refer
860 2002 900 2034 ad
925 2001 1056 2044 primam
1080 2013 1265 2044 personam,
1295 2007 1331 2034 ut

178 2066 273 2097 supra
297 2055 332 2094 11,
356 2067 383 2088 c.
407 2055 438 2095 9,
463 2056 490 2098 ξ.
515 2056 546 2088 5.

266 2111 294 2153 ἦ.
317 2111 350 2144 8.
396 2108 428 2144 οὗ
450 2107 550 2154 ῥᾴδιον
571 2108 644 2153 γάρ)
669 2109 702 2144 οὗ
724 2109 780 2153 γάρ
802 2109 901 2156 ῥᾴδιον
925 2113 1088 2146 Bekkerus
1112 2113 1218 2147 tacite.
