1439 2342
210 103 281 141 148
486 94 666 134 commeatu.
691 104 726 132 nd
744 104 854 133 Aristot.
874 104 961 132 Ethie.
981 105 1086 133 Nicom.

208 218 347 255 prestes,
377 211 532 254 ejusmodi
563 211 693 243 nomina
722 222 739 242 e
769 211 859 251 φιλέω
890 213 1085 255 composita,
1115 214 1213 246 modo
1244 214 1276 245 in
1301 213 1360 246 bo-

207 280 297 305 nam,
321 267 418 299 modo
441 268 472 298 in
497 267 611 298 malam
634 272 757 308 partem
782 266 995 308 accipiuntur,
1019 279 1220 310 quamquam,
1241 274 1279 300 ut
1301 268 1359 301 Gi-

207 323 340 364 phanius
364 323 523 360 observat,
548 323 732 364 plerumque
755 323 912 364 ejusmodi
933 323 1087 355 vocabula
1110 323 1239 355 nimium
1264 324 1360 366 signi-

207 378 319 417 ficant,
354 389 417 409 non
456 378 718 409 mediocritatem.
782 377 959 410 Felieianus
996 384 1102 410 tamen
1143 379 1295 410 nonnulla
1327 379 1358 411 in

207 434 322 464 bonam
347 438 470 464 tantum
494 439 634 474 partem,
669 438 706 464 ut
729 430 908 473 φιλόσοφος,
940 431 1112 472 φιλόκαλος,
1148 434 1207 465 alia
1230 445 1304 466 vero
1327 435 1358 466 in

207 490 321 520 malam
346 489 441 520 modo
467 489 566 530 accipi
589 489 681 526 dicit,
710 494 747 519 ut
770 488 908 528 φίλοινος,
940 487 1076 529 φίλοψος.
1100 507 1142 512 -
1181 486 1215 527 ὥς
1240 487 1358 531 ἐρήμης)

207 544 293 576 Cave
317 545 465 586 suppleas
485 541 584 585 χώρας
608 555 646 575 ex
669 543 711 582 Π,
736 555 764 575 c.
782 545 812 582 7,
837 544 863 585 ξ.
881 543 918 582 8,
942 555 1013 575 cum
1036 541 1192 586 μεσότητος
1215 555 1278 576 non
1302 545 1357 577 ab·

206 601 308 631 solute
332 601 483 641 positum,
509 600 565 631 sed
589 599 772 641 dependens
796 599 836 630 ab
862 595 1063 640 ἇμφιςβητεῒν,
1094 599 1135 632 sit
1161 600 1229 641 ipsa
1253 601 1357 634 sedes.

206 655 246 687 de
270 667 347 697 qua,
371 661 407 686 ut
429 665 545 693 vacua,
570 655 734 686 decertent
757 660 907 685 extrema.

294 711 322 752 ξ.
348 712 377 743 5.
426 708 486 742 ἔστι
522 707 569 751 δή)
604 707 666 741 ἔστι
701 701 785 750 δ’ἤὸη
820 710 882 752 Η“;
920 708 979 741 ἔστι
1009 703 1063 751 ἤδη
1088 709 1153 750 N⁶;
1188 709 1248 742 ἔστι
1283 706 1356 743 ὸ’ἕτε

205 767 283 805 Par,
314 765 384 804 Mb,
416 765 592 798 Bekketus.
618 783 657 788 —
688 765 763 805 γοῦν)
788 758 861 796 &effu
884 764 948 804 Kb,
980 764 1045 801 Ob:
1078 759 1122 797 oliv
1145 766 1197 798 καί
1216 765 1277 804 Lb3
1310 767 1357 808 μὲν

205 821 258 854 καί
277 821 339 854 Mb.

294 878 322 919 ᾧ.
348 877 379 909 6.
426 877 450 908 εἱ
480 870 574 917 ἆκρει)
621 877 779 919 Supplent
807 878 995 918 interpretes
1021 878 1162 909 nonnulli
1187 872 1265 917 ἔριι,
1301 878 1356 909 sed

206 933 231 963 οἱ
255 925 337 973 clupei
361 937 436 964 sunt
458 933 479 964 ii
502 933 665 971 homines,
696 933 748 974 qui
771 933 801 964 in
828 938 968 964 extremo
993 939 1172 972 versantur,
1208 939 1244 964 ut
1268 929 1281 963 ὁ
1305 933 1356 974 μέ-

205 1001 254 1026 σος
279 989 346 1028 ille,
371 989 423 1030 qui
447 989 476 1019 in
502 989 617 1021 medio.

294 1043 392 1074 (].AP
417 1044 455 1075 V.
505 1045 532 1086 ξ.
561 1045 588 1076 1.
636 1045 728 1086 (Cap.
753 1044 822 1084 XI.)
868 1041 1020 1087 ἀνωνύμευ)
1068 1044 1101 1075 In
1133 1045 1240 1087 Magn.
1271 1046 1354 1076 Mor.

206 1099 234 1138 1,
266 1100 318 1132 23.
339 1100 403 1142 jam
436 1100 495 1130 tria
525 1100 652 1130 nomina
681 1100 866 1141 simpliciter
896 1106 1134 1141 proponuntur:
1171 1099 1245 1132 ’ἔστιν
1269 1114 1314 1132 συν
1338 1097 1355 1141 ἡ

205 1151 334 1196 πρᾳότης
358 1152 409 1185 ἄνα
433 1168 466 1196 με
469 1168 518 1185 σον
544 1152 574 1193 ὄε
578 1152 725 1195 γιὶστντος
748 1153 796 1185 καὶ
820 1152 986 1196 ἆεργησίας,
1009 1161 1168 1198 tanquam,
1192 1167 1263 1188 cum
1286 1157 1355 1188 Ma-

203 1221 265 1251 gna
288 1210 423 1241 Moralia
446 1210 630 1248 ederentur,
662 1210 899 1241 nomenclatura
922 1211 1120 1249 Aristotelis,
1151 1211 1181 1242 in
1206 1212 1355 1243 Nicoma-

205 1265 289 1297 cheis
313 1265 435 1296 Ethicis
458 1271 525 1296 tum
550 1265 684 1306 primum
710 1266 759 1305 (cf.
791 1266 818 1306 ξ.
836 1266 866 1298 2.
892 1271 924 1297 et
948 1266 976 1307 ξ.
996 1266 1028 1306 5)
1060 1267 1091 1297 in
1121 1267 1258 1297 medium
1282 1278 1355 1308 pro-

204 1321 277 1359 lata,
304 1322 371 1362 jam
401 1321 636 1362 praevaluisset.
682 1320 716 1351 ln
742 1321 824 1352 Eud.
849 1321 970 1352 Ethicis
1000 1321 1074 1352 item
1099 1319 1244 1362 πρᾳότης,
1277 1319 1356 1362 ὄργι-

203 1374 289 1417 λότης
321 1382 353 1407 et
384 1375 543 1417 αἷναλγησιά
571 1376 624 1416 (II,
655 1376 689 1415 3)
713 1377 763 1407 vel
786 1373 953 1417 χαλεπότης
984 1376 1051 1416 (ΙΙΙ,
1083 1377 1113 1416 3)
1145 1377 1354 1416 inveniuntur,

204 1432 363 1462 mentione
387 1442 451 1462 non
475 1432 566 1468 facta,
591 1432 716 1463 habitus
740 1431 810 1463 illos
834 1433 962 1463 nomine
986 1443 1108 1470 carere,
1132 1443 1203 1464 cum
1228 1433 1357 1464 nomina

203 1492 314 1518 nostro
331 1487 401 1518 loco
425 1487 530 1517 virtuti
554 1492 586 1518 et
609 1488 731 1528 utrique
755 1492 967 1519 extremorum
991 1487 1090 1519 indita
1113 1489 1162 1519 vel
1185 1488 1355 1529 improprie

203 1542 425 1582 praedicentur
448 1543 496 1573 vel
521 1547 705 1574 cunctanter
728 1543 935 1583 proferantur.

292 1599 319 1638 ξ.
345 1598 375 1628 3.
423 1597 515 1638 εἴπερ)
540 1599 732 1630 Cardwellus
766 1610 783 1630 e
812 1609 869 1629 suo
899 1599 1009 1630 codiee
1032 1597 1105 1638 (Kb)
1137 1594 1226 1641 ᾗπερ,
1255 1603 1355 1640 quate·

201 1665 273 1692 nus,
303 1665 372 1684 cum
400 1654 596 1695 aliquatenus
627 1651 755 1696 πρᾳότης
780 1659 812 1685 et
835 1665 899 1685 non
924 1654 1068 1685 laudetur
1093 1653 1130 1695 (ξ.
1151 1654 1178 1685 1.
1203 1658 1237 1685 et
1259 1654 1302 1694 4).

291 1709 319 1749 ξ.
349 1709 460 1741 5-6.
514 1710 679 1750 Ejusmodi
715 1709 860 1740 homines
891 1709 920 1740 in
954 1710 1061 1750 Magn.
1093 1709 1176 1740 Mor.
1209 1709 1258 1748 (Ῑ,
1290 1709 1354 1747 23)

203 1761 372 1804 ἀνάλγητοι,
407 1764 438 1794 in
463 1764 626 1795 Eudemiis
659 1764 737 1802 (ΙΙΙ,
771 1764 807 1803 3)
845 1761 1072 1804 ἀνδραποδώδεις
1097 1769 1129 1795 et
1152 1761 1265 1805 ἀνόητοι
1294 1775 1352 1796 vo-

203 1824 323 1850 cantur.

291 1875 318 1915 ξ.
345 1875 373 1906 7.
422 1874 486 1906 Qui
516 1879 590 1905 sunt
625 1875 655 1905 in
686 1886 832 1913 excessu,
873 1875 973 1907 tribus
1004 1875 1182 1906 nominibus
1214 1877 1245 1906 in
1278 1876 1352 1907 Eth.

201 1929 284 1960 Eud.
311 1928 378 1969 (111,
409 1929 444 1967 3)
469 1930 688 1970 designantur:
725 1929 851 1972 ὀργίλοι,
882 1930 1024 1972 χαλεποί,
1054 1924 1164 1972 dycta.
1201 1943 1280 1973 quae
1303 1943 1352 1963 re·

202 1985 364 2025 spondent
385 1985 449 2016 fere
473 1985 638 2025 speciebus
662 1996 810 2018 excessus
835 1987 895 2018 hoc
919 1992 1030 2018 nostro
1054 1987 1124 2018 loco
1150 1987 1188 2028 (ξ.
1214 1987 1351 2025 8-11)

201 2040 376 2081 descriptis.

291 2095 319 2135 ξ.
344 2095 375 2126 8.
421 2089 442 2138 ᾗ
464 2095 585 2135 φανεροί
601 2095 684 2133 εἰσιν)
701 2097 875 2128 Lambinus
900 2098 977 2129 haec
1001 2097 1152 2130 voeabula
1173 2097 1324 2139 parenthe
1366 2090 1371 2098 ¹

201 2150 350 2189 includit,
385 2155 417 2181 et
445 2147 494 2182 διὰ
519 2147 642 2191 ὀξύτητα
667 2152 705 2182 nd
730 2153 949 2192 praecedentia
973 2153 1084 2190 refert,
1119 2153 1251 2184 distorta
1281 2150 1350 2184 ora&
