1439 2342
455 42 527 70 Libri
550 43 568 69 l.
611 43 676 78 Cap.
700 43 722 68 V
745 43 813 76 (lll).
1167 43 1215 78 29

59 151 162 189 κοινῶς,
186 148 220 189 ὡς
246 150 326 193 τύπῳ
350 163 375 184 s.
402 151 557 192 παχυλῶς,
582 151 728 192 ἐπιπολῆς,
753 147 860 189 ἁπλῶς,
885 149 1058 192 ὁλοσχερῶς,
1081 151 1157 183 κατά
1183 151 1213 184 τὸ

60 204 131 245 εἰκός
147 218 173 238 s.
191 208 327 245 πιθανῶς,
350 204 427 239 κατὰ
451 204 560 248 νόμον.“
594 207 644 238 Cf.
661 207 752 239 Buhl.
770 207 833 249 Op.
851 209 947 240 Arist.
962 208 984 248 l,
1009 219 1040 250 p.
1060 207 1214 248 142-144,

59 267 92 294 et
121 267 247 301 notam,
277 262 337 295 ubi·
359 262 420 294 loci
450 262 631 294 Aristotelis
662 263 806 295 citantur.
859 264 1072 296 Nihilominus
1102 264 1215 296 Ethica

60 329 123 350 non
149 319 312 351 exotericis
329 318 508 350 Aristotelis
532 318 616 350 libris
641 320 839 351 annumerari
858 325 1010 361 possunt;
1035 320 1110 352 citat
1132 321 1215 352 enim

59 374 89 405 in
117 374 194 416 ipsis
223 374 343 406 Ethicis
379 374 543 416 aliquoties
573 371 673 415 λόγους
706 372 895 415 ἐξωτερικούς.
947 376 1016 408 Nec
1051 377 1144 418 plane
1175 377 1215 408 de

60 430 124 461 suis
147 430 232 462 libris
256 430 374 471 cogitat
396 430 602 469 Aristoteles,
633 427 732 470 λόγους
763 428 942 471 ἐξωτερικούς
977 432 1026 463 vel
1057 432 1215 472 ἐγκυκλίους

60 486 207 527 allegans.
267 485 322 517 Illa
355 486 439 517 enim
475 486 649 517 differentia
688 497 783 527 supra
818 487 962 528 exposita
997 487 1077 518 intra
1112 489 1214 530 ipsam

59 547 162 574 exstat
192 542 434 583 philosophiam.
481 542 546 574 Sed
577 547 652 573 sunt
679 548 842 584 praeterea
871 554 909 574 ex
939 544 982 575 rei
1012 549 1124 575 natura
1152 545 1216 576 duo

59 598 145 629 modi
168 598 316 629 scientias
340 598 493 630 docendi:
518 598 598 630 alter
619 598 892 640 philosophorum,
916 600 968 641 qui
992 611 1116 631 summa
1140 600 1215 632 sub-

60 653 171 685 tilitate
195 664 298 685 rerum
324 665 434 686 causas
465 654 654 696 investigare
684 655 829 693 student,
860 661 892 687 et
918 667 997 697 quae
1028 656 1216 688 invenerunt

59 710 122 741 suis
147 710 271 741 selectis
295 710 455 752 discipulis
478 710 623 749 tradunt:
655 711 733 742 alter
756 717 1014 753 praeceptorum,
1039 712 1091 754 qui
1114 717 1216 744 totam

53 767 254 808 juventutem
288 766 466 798 liberalibus
502 766 619 798 artibus
658 772 690 798 et
725 767 864 799 scientiis
900 768 1063 806 imbuunt,
1103 768 1215 810 quibus

58 827 144 853 aetas
167 822 294 864 puerilis
317 822 438 854 institui
463 822 554 854 solet.
593 823 798 865 Philosophia
814 824 996 856 Aristotelis
1019 824 1215 866 temporibus

58 878 184 920 reliquis
209 890 227 909 a
251 877 391 910 scientiis
420 879 561 910 nondum
579 878 847 921 distinguebatur3
872 880 1077 922 quamobrem
1101 881 1122 912 ii
1145 881 1215 922 ipsi,

59 935 111 976 qui
133 935 258 976 proprie
281 934 462 976 philosophi
483 946 586 976 neque
611 941 701 967 erant
724 947 826 977 neque
849 937 917 967 fieri
940 936 1121 978 cupiebant,
1145 937 1215 978 phi-

57 990 236 1032 losophicas
267 990 413 1022 materias
438 991 650 1030 docebantur,
683 992 739 1023 sed
764 992 852 1023 aliter
883 1004 918 1023 ac
942 993 1215 1034 philosophantes,

57 1057 172 1088 nempe
195 1058 234 1079 eo
258 1046 365 1084 modo,
388 1057 450 1088 quo
467 1047 549 1088 vulgi
571 1047 697 1079 auribus
721 1053 753 1079 et
768 1048 940 1080 intellectui
957 1049 1216 1081 accommodatae

58 1108 157 1135 erant.
204 1102 276 1134 Illae
301 1102 466 1141 scientiae,
491 1103 603 1144 quibus
629 1115 740 1135 omnes
765 1105 878 1136 Graeci
900 1104 1139 1143 imbuebantur,
1164 1106 1216 1147 qui

58 1157 273 1201 πεπαιδευμένοι
296 1169 367 1190 esse
389 1158 524 1197 vellent,
556 1159 800 1190 nominabantur
822 1157 903 1200 λόγοι
927 1161 1101 1201 {gun-spineus,
1133 1159 1216 1202 ἐγκύ-

57 1218 149 1252 κλιοι,
180 1214 205 1245 ἐν
227 1215 310 1255 κοινῷ
338 1212 490 1256 γεινόμενοι,
522 1215 712 1257 ἐκόεὸομέιόι,
744 1211 780 1247 n?
806 1213 859 1257 ἔξω
888 1213 1071 1258 μαθήματα,
1103 1217 1216 1259 quibus

58 1275 263 1312 opponuntur
296 1267 378 1311 λόγοι
412 1267 488 1303 neci-2⁸
524 1270 710 1311 φιλοσοφίαν.
768 1269 876 1312 Λόγου,-
910 1270 1090 1313 ἐξωτερικούς
1124 1273 1217 1315 igitur

58 1337 235 1358 memorans
259 1327 445 1358 Aristoteles
475 1332 628 1368 provocat
649 1328 687 1358 ad
711 1328 780 1359 illas
805 1328 951 1360 scientias
981 1329 1047 1361 sive
1070 1330 1217 1361 notiones

57 1393 242 1414 communes
276 1379 376 1423 (κοινοῖς
408 1382 535 1422 ἐννοίας),
569 1394 650 1425 quae
680 1384 826 1415 omnibus
858 1385 1086 1427 πεπαιδευμένοις
1120 1391 1215 1418 notae

58 1444 142 1478 sunt,
167 1449 308 1481 quasque
331 1439 363 1470 in
386 1439 556 1470 lectoribus
581 1444 635 1471 aut
658 1440 851 1472 auditoribus
876 1441 941 1472 suis
958 1442 1119 1482 supponit,
1144 1453 1216 1473 cum

58 1505 124 1527 rem
147 1495 207 1527 hoc
224 1495 295 1527 loco
312 1495 456 1527 subtilius
473 1500 507 1526 et
521 1496 696 1527 accuratius
716 1497 923 1538 perpendere,
947 1507 1216 1538 supervacaneum

58 1550 117 1582 sibi
138 1551 292 1583 videatur.
331 1552 455 1582 Primus
479 1563 548 1583 eam
572 1552 864 1593 interpretationem
880 1553 1047 1594 proposuit
1061 1553 1218 1585 Melchior

57 1607 182 1638 Zeidler
206 1607 256 1648 (ad
280 1608 356 1638 Eth.
380 1607 451 1638 Nic.
476 1607 500 1646 I,
524 1619 551 1639 c.
579 1608 630 1646 13,
654 1619 686 1649 p.
711 1607 784 1649 56):
809 1608 902 1650 „Ego
925 1619 1002 1640 vero
1027 1609 1218 1651 interpretor

58 1659 238 1703 ἐξωτερικοῦς
260 1660 360 1704 λόγους
391 1674 542 1695 sermones
565 1675 732 1696 communes
754 1668 843 1696 extra
872 1667 1004 1697 scholam
1033 1667 1070 1697 ab
1092 1667 1218 1698 homini-

57 1720 110 1751 bus
132 1720 237 1751 haberi
259 1721 395 1751 solitos.⁵·'
439 1720 509 1752 Nec
532 1725 669 1761 possunt
697 1717 777 1761 λόγοι
802 1720 966 1762 ἔξωτερικοί
991 1721 1073 1753 aliud
1097 1722 1216 1764 signifi-

58 1786 128 1807 care
151 1776 234 1817 apud
246 1775 463 1814 Aristotelem,
490 1776 516 1807 si
538 1776 588 1808 vel
610 1787 730 1818 paucos
754 1777 852 1815 locos,
876 1777 908 1808 in
932 1777 1045 1820 quibus
1069 1778 1215 1818 citantur,

58 1832 264 1863 conferamus.
289 1832 354 1863 Sua
378 1832 494 1873 scripta
517 1832 706 1865 Aristoteles
730 1844 855 1875 semper
877 1839 1021 1875 tempore
1044 1835 1215 1876 praeterito

59 1888 136 1929 (sive
158 1888 354 1929 imperfecto,
379 1888 444 1920 sive
467 1888 596 1927 aoristo,
622 1889 688 1920 sive
702 1890 856 1931 perfecto)
881 1890 1004 1931 allegat,
1028 1895 1064 1922 ut
1079 1891 1149 1922 infr.
1161 1891 1214 1929 VI,

59 1955 86 1975 c.
111 1943 148 1982 3,
173 1944 201 1985 ξ.
227 1944 257 1977 3.
289 1944 314 1975 ἐν
337 1947 395 1983 τοῖς
416 1941 609 1983 Ἀναλυτικοῖς
633 1944 776 1987 ἐλέγομενι
809 1946 889 1977 Met.
914 1946 945 1984 Ι,
973 1947 1008 1984 1,
1032 1944 1143 1988 εἴρηται
1168 1946 1216 1988 μὲν

59 1996 104 2031 οὖν
129 2000 154 2031 ἐν
177 2002 234 2038 τοῖς
258 1997 386 2041 ἧθικοῖςε
421 2001 473 2032 De
498 2001 598 2032 Coelo
620 2001 650 2040 I,
675 2001 712 2040 6,
738 2001 762 2032 ἐν
786 2004 843 2040 τοῖς
866 2000 930 2042 περὶ
954 1999 1003 2040 τοῖς
1027 1999 1122 2042 ἆρχοῖς
1146 2004 1216 2034 διω-

57 2055 165 2098 ρίαν-,9ης
199 2056 294 2087 Polit.
318 2056 362 2095 ll,
387 2057 407 2088 2
432 2057 474 2097 (1)
500 2056 525 2087 ἐν
548 2058 605 2095 τοῖς
628 2053 740 2098 ἠθικοῖς
769 2055 891 2099 εἴρηται.
935 2057 1025 2098 Λόγοι
1057 2057 1222 2098 ἔξωτερικοί

58 2122 134 2144 vero
156 2112 342 2154 plerumque
364 2118 509 2154 tempore
530 2114 690 2154 praesenti
715 2113 867 2152 citantur,
900 2114 970 2146 infr.
995 2126 1022 2146 c.
1049 2114 1108 2153 13,
1134 2114 1161 2155 ᾧ.
1183 2113 1214 2146 9.
