1444 2322
163 59 222 86 Vlll
666 55 806 82 Praefatio.

293 158 322 188 A
346 155 431 195 (Lb).
458 154 644 187 parisiensis
668 154 784 196 Regius
811 153 906 186 1854.
930 154 980 185 Ad
1008 153 1168 185 saeculum
1192 153 1314 185 duode-

205 219 319 250 cimum
344 217 482 253 refertur,
507 216 690 258 plerumque
713 226 783 247 cum
814 214 922 247 codice
947 214 1032 248 1417
1056 214 1234 254 consentit;
1257 215 1313 246 ad-

205 279 322 320 scripta
346 284 420 309 sunt
445 277 543 308 multa
566 276 684 309 scholia
712 288 807 308 manu
830 276 1008 314 recentiori,
1039 287 1118 318 quae
1148 276 1315 308 Michaelis

204 339 298 371 Pselli
321 349 391 371 esse
415 338 583 370 verisimile
610 344 669 370 est.

291 400 331 432 B.
355 399 540 431 Pnrisiensis
555 399 670 440 Regius
685 398 782 434 2023,
797 398 951 430 Demetrii
968 399 1203 440 Chalcondylne
1219 410 1314 430 manu
1348 407 1352 410 '

205 467 359 492 exaratus.

293 522 329 554 C.
361 521 544 553 parisiensis
576 521 690 561 Regius
724 521 826 558 1853,
858 521 1009 562 sequioris
1040 522 1126 559 aevi,
1156 522 1196 553 de
1226 523 1315 563 cujus

204 583 328 621 habitu,
360 593 439 623 quae
464 582 579 613 I-Iasius
605 581 678 612 mihi
708 582 903 621 significavit,
928 583 957 613 111
984 582 1177 623 praefatione
1201 583 1314 624 prioris

205 644 370 675 voluminis
395 648 441 684 (p.
467 643 564 677 {v-v,
588 645 670 681 not.)
687 644 752 683 jam
779 643 879 675 retuli.

291 705 340 736 ΕΙ.
365 705 393 735 Ε
418 704 533 736 Museo
556 703 689 735 Joannis
715 704 797 734 Mori
821 704 973 745 Episcopi
999 704 1146 736 Eliensis.

293 765 364 797 Nc.
388 765 416 796 E
440 764 630 797 bibliotheca
654 764 832 796 Oxoniensi
855 765 986 806 Collegii
1010 766 1104 797 Novi.

293 827 390 858 CCC.
409 827 436 858 E
454 826 642 858 bibliotheca
660 827 834 858 Oxoniensi
860 827 991 868 Collegii
1015 827 1167 868 Corporis
1185 828 1315 860 Christi.

291 887 362 919 Par.
400 887 586 919 parisiensis
616 888 732 928 Regius
767 888 865 925 1417,
891 887 1128 928 diligentissime
1159 889 1312 929 scriptus:

205 949 391 990 paucissima
416 948 499 980 enirn
524 949 554 979 in
580 959 617 980 eo
643 948 814 989 scripturae
828 949 941 979 menda
959 949 1178 990 deprehendis.
1204 950 1314 982 Insunt

203 1010 233 1040 in
265 1010 376 1040 eodem
409 1009 526 1041 scholia
557 1009 700 1040 versibus
732 1009 934 1050 interposita.
968 1010 1023 1040 sed
1047 1020 1110 1041 non
1135 1010 1240 1052 magni
1262 1011 1314 1042 illa

205 1071 330 1112 quidem
343 1070 502 1108 facienda3
516 1075 590 1101 sunt
602 1071 686 1101 enirn
699 1070 882 1112 plerumque
895 1081 933 1102 ex
944 1071 1079 1111 Aspasio
1092 1072 1141 1103 vel
1152 1072 1313 1104 Eustratio

204 1132 242 1162 ad
265 1131 395 1163 verbum
420 1132 596 1172 depromta.

292 1193 378 1224 Vrat.
403 1192 653 1224 Vratislaviensis
678 1193 708 1222 in
739 1192 928 1224 bibliotheca
953 1193 1182 1235 Rhedigeriana
1212 1205 1315 1226 asser-

207 1260 307 1291 vatus,
332 1255 525 1292 chartaceus,
549 1254 708 1285 literarum
734 1253 880 1286 ductibus
908 1255 934 1285 si
958 1265 1021 1285 non
1047 1254 1242 1296 elegantibus
1266 1261 1313 1287 ta-

206 1326 279 1347 men
293 1317 370 1346 satis
383 1316 484 1354 claris,
498 1315 640 1357 quintum
660 1315 815 1347 decimum
831 1315 989 1347 saeculum
1013 1327 1078 1347 non
1103 1321 1314 1355 antevertens,

205 1381 238 1407 et
253 1376 404 1408 Passovio
411 1377 518 1417 judice
539 1387 556 1408 e
573 1375 730 1408 scribendi
742 1387 856 1417 genere
869 1377 1067 1418 conjectante
1081 1377 1112 1408 in
1138 1377 1225 1409 ltalia
1241 1389 1314 1410 exa-

206 1443 301 1469 ratus.
339 1437 434 1469 Liber
458 1449 520 1469 non
545 1438 639 1479 plane
658 1438 912 1470 contemnendus
936 1444 1001 1475 est,
1032 1439 1089 1470 sed
1113 1439 1145 1470 in
1176 1444 1315 1472 extrema
1359 1459 1365 1461 >

206 1498 310 1539 operis
334 1504 422 1539 parte
448 1498 554 1530 multis
574 1498 689 1534 librarii
714 1498 871 1531 erroribus
895 1499 1086 1540 inquinatus.

293 1560 348 1591 11⁸.
397 1559 576 1591 Marcianus
600 1559 675 1592 2¹4.

294 1621 349 1651 Kb.
397 1607 644 1660 Laurentianus,
680 1621 710 1652 in
743 1621 931 1654 bibliotheca
962 1622 1107 1654 Medicea
1137 1623 1317 1656 Florentiae

208 1685 349 1712 servatus
373 1682 457 1718 (cod.
483 1681 536 1719 ΧΙ,
561 1682 640 1722 plut.
667 1683 801 1714 LXXXl
823 1694 874 1725 ap.
900 1684 1035 1715 Bandin.
1074 1684 1176 1717 Catal.
1201 1686 1240 1716 T.
1265 1685 1314 1721 111,

207 1752 238 1782 p.
263 1741 342 1779 226)
366 1748 398 1774 et
421 1742 546 1774 saeculo
570 1743 691 1775 decimo
717 1750 872 1776 exaratus.
911 1745 982 1777 Una
998 1755 1068 1776 cum
1091 1745 1315 1778 Nicomacheis

208 1802 349 1834 continet
372 1802 505 1835 Moraliu
529 1803 656 1845 Magna,
680 1810 773 1846 atque
793 1806 946 1843 omnium,
972 1811 1128 1848 quotquot
1143 1806 1237 1838 hodie
1261 1818 1314 1838 su-

209 1869 349 1904 persunt,
374 1864 516 1896 codicum
542 1865 802 1898 Aristotelcorurn
828 1867 1062 1908 antiquissimus
1087 1873 1147 1899 est.

299 1923 360 1955 Mb.
409 1925 587 1956 Marcianus
612 1927 686 1958 213.

297 1984 353 2016 N'·.
401 1986 578 2017 Marcianus
603 1988 738 2028 append.
772 1989 781 2018 1
810 1989 861 2020 53.

302 2045 357 2075 Oh.
407 2047 622 2078 Ricardianus.
