1439 2342
186 54 235 89 48
463 54 641 81 Commeutnr.
669 51 703 78 ud
724 51 833 78 Arinem.
855 51 940 78 Ethic.
962 51 1065 78 Nicom.

190 162 296 201 τικαί).
317 180 353 185 -
372 160 486 198 διττῶς)
510 169 554 190 sc.
578 155 646 189 κατ’
673 158 803 198 ἐνέργειαν
825 155 874 189 καὶ
897 154 974 190 καθ’
998 155 1052 199 ἕξιν
1074 155 1234 200 (δύναμιν);
1256 169 1340 190 nunc

188 219 270 250 enim
295 215 410 257 aliquid
433 214 531 256 gerit,
555 213 616 244 alio
639 218 744 244 autem
768 217 911 254 tempore
934 218 1049 245 cessat.

275 272 303 311 ξ.
335 270 382 302 14.
428 269 454 301 εἰ
474 265 500 300 ὸ’
527 266 615 307 ἐστίν)
639 267 779 299 Protasis
803 269 986 310 longissima
1007 274 1056 301 ter
1077 269 1218 310 recurrit,
1242 280 1340 312 seque
1390 265 1391 268 ¹

186 330 288 369 ipsam
312 324 547 367 quodammodo
578 323 774 362 manifestat;
804 324 915 366 incipit
944 323 970 355 εἰ
990 321 1018 355 δ’
1044 324 1135 363 ἐστίν,
1165 325 1296 357 iteratur
1317 324 1343 356 εἰ

187 380 215 414 ὸ’
240 378 336 420 εὕτως,
361 380 476 412 desinit
498 378 523 410 εἰ
545 375 574 410 δ’
593 373 677 410 οὕτω.
719 379 880 420 Apodosis
904 380 1024 411 orditur
1046 380 1085 412 ab
1107 377 1141 412 τὸ
1166 377 1340 420 ἀνθρώπινον

187 435 298 479 ἀγαθόν
320 451 346 468 κ.
372 450 397 467 τ.
422 440 450 468 λ.
473 435 608 466 Zellius:
638 433 696 473 „In
719 435 861 467 oratione
883 436 1064 467 Aristotelis
1087 447 1237 468 sensuum
1261 436 1339 468 den-

186 494 311 525 sissima
326 491 559 524 enuntiationes
582 490 768 532 plerumque
785 490 879 522 solito
903 496 979 522 sunt
994 496 1048 522 aut
1063 491 1233 530 breviores,
1257 503 1340 531 cum,

187 560 266 592 quae
296 548 346 580 alii
376 547 544 587 scriptores
579 545 748 577 verborum
788 546 908 578 ambitu
938 547 1088 585 efferunt,
1124 547 1174 579 ille
1206 547 1340 579 strictim
1390 568 1397 588 0

186 604 346 645 transigat,
371 608 425 633 aut
448 601 622 643 longiores,
647 612 719 633 cum
743 601 827 633 idem
851 613 1079 644 nonnunquam
1103 603 1339 644 complectatur,

187 671 266 702 quac
289 659 339 690 alii
363 658 393 689 in
419 658 524 698 plures
552 657 786 689 enuntiationes
818 662 949 689 extensa
972 658 1138 689 dilatant.“
1181 658 1339 690 Victorius

185 722 217 747 et
248 714 298 746 alii
329 713 436 745 statim
467 713 557 744 initio
587 713 743 754 apodosin
773 713 937 744 ordiuntur
967 714 1144 755 supplendo
1175 713 1242 745 ἐστι’
1265 719 1340 755 post

186 767 357 810 ἀνθρώπου,
389 769 454 800 fere
478 773 513 800 ut
535 773 568 800 et
591 779 676 809 supr.
702 780 729 800 c.
756 769 791 807 1,
816 769 845 810 ξ.
871 769 902 799 4.
926 769 966 800 ad
990 770 1144 811 apodosin
1168 770 1338 802 conficien-

185 828 256 858 dam
280 824 337 856 εἶσί
356 825 598 866 suppleverunt3
629 824 686 856 sed
709 824 770 856 hoc
793 825 938 856 concludi
961 836 1025 856 non
1048 825 1159 864 debet,
1183 836 1255 857 cum
1272 826 1339 866 jam

186 886 327 919 constet,
356 887 388 912 et
411 881 450 912 ad
474 880 639 922 sequentia
660 879 824 921 probanda
848 880 1042 913 adhibeatur.
1078 881 1204 912 Similes
1228 886 1339 912 nostro

186 940 272 970 locos
303 937 380 969 citat
409 936 526 968 Zellius
557 936 628 967 infr.
653 935 694 974 ll,
723 947 751 968 c.
776 936 811 975 6,
844 937 871 978 ᾗ.
897 936 933 975 9,
968 936 1021 968 ubi
1051 937 1201 978 apodosis
1231 936 1340 978 incipit

188 995 236 1025 rc?
259 993 361 1035 μέσους
385 992 441 1031 ΙΙΙ,
466 1003 493 1023 c.
518 992 549 1031 5,
575 992 604 1033 ᾗ.
631 992 688 1030 17,
712 991 768 1023 ubi
789 991 943 1033 triplicem
967 992 1126 1034 protasin,
1151 1003 1280 1034 prorsus
1304 998 1339 1024 ut

187 1051 216 1081 in
243 1054 352 1080 nostro
376 1049 465 1087 loco,
489 1047 604 1086 habes,
634 1047 660 1078 εἰ
681 1047 713 1078 ὁέ
733 1060 775 1085 τις
798 1047 891 1088 λέγει,
912 1047 937 1079 εἰ
958 1047 988 1079 ὁέ
1011 1047 1123 1090 μηδείς,
1147 1048 1173 1079 εἰ
1193 1045 1228 1089 δὴ
1253 1045 1337 1079 ταῦτ’

187 1105 270 1144 ἐστίν,
295 1103 428 1146 apodosi
450 1103 621 1145 incipiente
645 1102 676 1135 τί
694 1102 812 1145 μᾶλλον.
855 1104 905 1136 Cf.
930 1104 1025 1136 etiam
1042 1103 1108 1142 Vll,
1132 1115 1159 1136 c.
1179 1104 1231 1143 14,
1255 1104 1283 1145 ᾧ.
1301 1103 1338 1142 3;

186 1162 246 1200 lx,
271 1172 296 1192 e.
321 1161 352 1199 9,
378 1161 406 1201 ξ.
432 1161 467 1199 7;
491 1160 538 1198 X,
562 1171 589 1191 c.
616 1160 652 1199 7,
676 1160 704 1200 ᾧ.
730 1161 767 1198 7;
793 1159 845 1201 qui
867 1159 928 1191 loci
952 1170 1010 1192 suo
1034 1165 1178 1201 tempore
1202 1160 1338 1201 explica-

188 1218 313 1248 buntur.
339 1235 382 1239 —-
410 1212 487 1247 narn?
510 1212 593 1256 λόγον
616 1210 635 1256 ἢ
657 1212 696 1257 μὴ
727 1207 789 1246 ἄνευ
820 1212 920 1256 λόγου)
951 1215 1074 1246 Eadem
1098 1215 1220 1246 animae
1243 1215 1339 1246 ratio-

186 1273 265 1304 nalis
295 1272 438 1313 partitio,
470 1282 563 1313 quam
593 1281 688 1312 supra
718 1271 761 1312 (ᾧ.
790 1270 845 1308 13)
870 1271 1026 1310 exhibuit,
1056 1271 1196 1302 recurrit.
1243 1271 1338 1302 Para-

187 1329 344 1370 phrastes:
379 1324 455 1359 κατεῖ
479 1324 575 1367 λόγον,
607 1320 673 1358 ’ὅταν
697 1328 858 1358 διανοεῖται·
888 1323 927 1368 μὴ
952 1319 1014 1358 ἄνευ
1037 1324 1142 1367 λόγου,
1175 1321 1240 1358 ὅταν
1262 1323 1337 1358 κατά

186 1382 219 1415 τὲ
244 1380 407 1425 παθητικὸν
430 1383 512 1425 μέρος
534 1384 648 1414 κινεῖται
678 1379 750 1424 μετοῖ
774 1379 869 1423 λέγει).
897 1400 934 1406 --
959 1380 1034 1414 κατ-αἶ
1059 1379 1107 1423 τὴν
1131 1379 1264 1424 ἀρίστην)
1293 1394 1337 1414 sc.

186 1440 303 1479 σοφίαν,
335 1441 373 1472 ef.
398 1439 467 1470 infr.
498 1438 555 1477 Vl,
580 1450 606 1470 c.
634 1439 667 1477 7,
691 1438 738 1477 Χ,
765 1449 792 1470 c.
818 1440 853 1477 ’ἴς
883 1443 932 1469 est
955 1438 1038 1470 enim
1070 1437 1160 1477 σσφία
1191 1439 1256 1470 sive
1280 1437 1338 1476 βίος

186 1493 358 1537 θεωρητικός
384 1506 542 1526 summum
566 1494 768 1526 beatitudinis
791 1505 953 1526 cacumen.

274 1553 301 1593 ξ.
330 1553 379 1584 15.
426 1551 451 1582 ἐν
474 1550 526 1592 βίῳ
552 1549 670 1591 τελείῳ).
716 1550 793 1582 Jure
817 1550 980 1582 contendit
1003 1550 1137 1588 Zellius,
1168 1550 1336 1590 perfectam

186 1607 282 1638 vitam
311 1607 372 1637 hoc
395 1607 465 1637 loco
488 1607 527 1638 de
556 1611 701 1647 tempore
731 1606 966 1647 intelligendam
991 1616 1079 1644 esse,
1110 1605 1151 1636 ob
1174 1615 1228 1644 ea,
1259 1616 1338 1646 quae

186 1663 326 1703 proxime
343 1662 584 1703 subsequantur,
608 1661 658 1703 μία
678 1658 769 1704 ἡμέρα
786 1658 850 1693 otio}
868 1658 958 1702 ὀλίγος
981 1659 1092 1701 χρόνος.
1131 1661 1216 1692 Male
1232 1666 1336 1692 tamen

185 1718 268 1749 idem
292 1718 419 1748 Mureto
444 1717 642 1755 adversatur,
667 1718 719 1759 qui
741 1718 860 1759 optimc
882 1717 974 1756 dicit,
1003 1716 1098 1757 τελείῳ
1122 1727 1219 1757 posse
1242 1716 1336 1748 ctiam

185 1773 282 1814 accipi
299 1773 415 1804 dictum
440 1783 496 1813 pro
522 1770 665 1812 αὐτάρκη,
689 1778 724 1804 ut
740 1773 895 1815 significet
917 1773 1013 1804 vitam
1037 1773 1222 1804 instructam
1246 1772 1336 1803 bonis

185 1829 327 1870 corporis
357 1834 390 1860 et
421 1828 567 1859 externis.
614 1830 702 1860 Haec
725 1829 808 1861 enim
838 1839 964 1869 semper
988 1828 1175 1860 Aristoteles
1206 1827 1245 1858 ad
1269 1828 1335 1859 effi-

185 1885 329 1917 ciendam
353 1883 579 1915 beatitudinem
603 1885 740 1925 requirit,
764 1885 825 1916 hoc
841 1889 945 1916 autem
969 1884 1038 1916 loco
1061 1896 1126 1915 non
1150 1883 1337 1915 nominatim

184 1940 363 1983 proposuit,
389 1940 461 1981 quia
478 1938 749 1971 adumbrationem
767 1946 889 1972 tantum
909 1940 1066 1972 felicitatis
1089 1940 1241 1972 hactenus
1264 1939 1336 1971 fecit

186 1998 230 2038 (ξ.
259 1996 324 2035 16).
372 1996 436 2028 Sed
466 1995 574 2026 insunt
602 1994 685 2026 bona
708 2001 837 2028 cxtcrna
866 1997 898 2028 in
922 1996 986 2027 vita
1008 2006 1064 2037 per
1087 2006 1183 2027 omne
1209 2000 1336 2036 tempus

184 2053 340 2094 perfecta;
365 2063 437 2083 nam
462 2050 521 2083 etsi
544 2050 614 2091 ipsa
637 2051 762 2091 quidem
785 2052 916 2083 felicitas
940 2063 1004 2083 non
1029 2052 1070 2083 sit
1093 2062 1232 2089 summa,
1257 2061 1335 2092 quae

185 2108 337 2149 temporis
356 2107 516 2140 additione
532 2111 691 2148 augeatur,
705 2111 809 2138 tamen
824 2108 1016 2148 operationis
1031 2108 1097 2150 ejus
1113 2106 1336 2145 manifestatio,

1391 492 1395 509 l

1388 522 1397 549 β
