1444 2322
218 64 317 92 xxxtl
642 60 808 93 Conspectus
828 58 887 85 libri
910 58 968 85 VH.

401 161 487 192 l'nrs
513 158 631 190 tertia:
659 157 710 188 De
735 156 972 188 instrumentis
997 156 1170 188 virtutum·

218 247 236 272 Ι,
259 246 298 271 De
318 240 480 269 continu-ntia
500 243 525 263 ct
546 237 749 264 incontinentia:
770 236 872 263 Liber
893 235 1068 271 septimus.

260 283 283 311 1,
305 281 452 316 Opimum-s
473 283 498 304 et
521 277 701 303 dubitationes
723 276 755 302 dc
777 276 826 302 liac
847 277 956 302 materia
976 280 1170 311 proponuntur.
1191 285 1215 304 e.
1239 275 1324 306 1—2.

284 332 308 348 a.
332 322 442 354 Caput
466 318 554 352 prim
563 326 578 342 ιι
589 325 627 342 tn:
650 316 689 342 De
711 315 874 342 continentia
895 320 919 341 et
942 314 1132 342 incontinentia
1152 316 1179 342 in
1200 325 1304 352 genere.

315 375 341 388 a.
364 361 543 386 Receuscntur
564 365 658 390 genera
679 364 780 387 cortun,
801 364 868 390 quae
890 354 915 380 in
940 354 1060 381 moribus
1087 357 1234 390 expetenda
1259 358 1365 390 (virtus,

363 397 534 427 coutinentia,
556 395 636 421 virtus
658 395 773 427 heroica)
796 395 834 420 rei
856 393 982 428 fugienda
1002 398 1064 420 aunt
1085 394 1248 431 (vitiositas,
1272 397 1365 423 incon-

364 437 483 468 tinentia,
505 436 611 467 sei-itas).
635 436 659 466 5.
684 432 696 461 1
715 450 721 453 -
741 431 768 460 3.

312 486 340 514 β.
362 477 434 508 Quid
455 477 505 502 hoc
526 475 604 506 libro,
624 479 648 500 et
670 483 724 509 quo
746 473 837 499 ordine
857 477 993 499 tractetur.
1015 474 1040 505 5.
1061 470 1150 501 4-5.

312 533 331 552 7

363 562 416 582 tur:
439 558 464 587 5.
485 552 572 581 6-7.

352 609 397 624 aa„
421 596 507 622 Priuia
527 592 627 628 opinio.
649 592 846 619 Continentiam
867 595 892 618 et
908 591 1074 618 tolerantiam
1096 592 1251 625 laudabiles,
1273 593 1365 620 incon-

417 634 552 660 tinentiam
574 636 599 658 ct
621 631 758 658 mollitiem
780 630 967 665 vituperabiles
988 639 1054 657 essc-
1077 632 1102 663 5.
1124 628 1152 663 6,
1172 633 1188 658 Ι.
1213 629 1298 660 1-4,

351 681 397 710 63ss-
419 673 542 701 Secunda
552 671 652 706 opinio.
674 670 860 697 Continentein
882 675 998 705 perstare
1019 670 1046 696 in
1067 671 1177 704 ratione,
1198 671 1365 699 incontinen-

417 720 468 740 tem
491 712 578 746 egredi
601 711 738 737 rationein.
761 711 785 742 5.
807 707 835 742 6,
857 711 873 736 1.
895 707 981 737 4—5.

416 753 506 779 Tertia
526 751 626 786 opinio.
648 750 835 777 continentem
856 753 882 775 et
909 749 1117 776 incontinentem
1143 750 1256 777 scienter
1277 760 1363 786 agere.

418 794 442 825 s.
464 789 492 823 (i,
514 792 529 817 1.
551 787 637 818 6-8.

350 832 393 862 ὃ),
415 833 517 862 Qnarta
537 830 637 865 opinio.
659 829 846 856 Contineutem
867 832 892 855 et
909 832 1074 855 constantem
1096 830 1141 855 alii
1163 829 1242 856 etiam
1263 834 1363 865 tempe-

417 876 526 901 rantem,
547 875 571 896 et
593 869 800 895 incontinentem
822 868 900 894 etiam
925 869 1143 902 intemperantem
1170 878 1228 896 esse
1256 869 1362 896 dicunt:

416 912 460 936 alii
483 919 544 936 non.
565 910 591 941 5.
614 906 641 940 G,
663 909 680 934 i.
701 904 808 935 8—12.

351 964 382 980 ιε.
415 950 516 980 Quinta
536 949 635 983 opinio.
677 947 835 974 Prudentem
857 946 902 972 alii
918 955 1053 981 nunquam
1066 948 1282 983 intemperantem
1304 957 1362 976 esne

415 989 515 1020 dicunt,
537 988 580 1014 alii
601 995 802 1021 nonnunquam.
825 986 850 1017 5.
871 983 899 1018 7,
922 986 938 1012 Ι.
962 983 1047 1013 1-4.

348 1028 394 1066 ζζ.
417 1029 496 1055 Sexta
517 1026 616 1062 opinio.
645 1026 705 1052 Non
727 1025 880 1060 cupiditatis
901 1029 1013 1056 tantum,
1035 1024 1081 1051 sed
1109 1025 1188 1052 etiam
1215 1027 1285 1060 irae,
1314 1027 1362 1054 bo·

414 1069 486 1094 noris
507 1072 531 1093 et
553 1065 618 1092 lucri
639 1065 844 1091 incontinentem
865 1073 931 1091 esse.
953 1065 978 1096 5.
1001 1062 1029 1096 7,
1050 1065 1066 1091 l.
1089 1062 1176 1092 4-5.

280 1112 304 1136 le.
327 1110 437 1143 Caput
457 1106 588 1133 secund
597 1114 659 1131 uin:
680 1104 869 1131 Dubitationes
890 1103 922 1130 de
953 1104 1100 1131 continenti
1131 1108 1157 1131 et
1186 1105 1362 1133 incontinenti

330 1152 523 1184 proponuntur.

309 1202 337 1217 u.-
361 1188 447 1214 Prima
469 1185 609 1211 dubitatio,
631 1184 671 1210 De
693 1184 770 1210 tertia
790 1182 926 1218 opinione.
948 1180 1082 1215 §.1—4.

349 1240 394 1256 αα.
417 1227 446 1252 In
468 1235 515 1257 eo,
542 1224 584 1251 cui
612 1224 673 1250 insit
700 1223 826 1254 seientia,
853 1222 1023 1257 cupiditatem
1045 1231 1098 1249 non
1120 1231 1199 1258 posse
1221 1223 1360 1252 dominari.

349 1313 396 1340 [273.
419 1307 446 1331 Si
475 1303 642 1330 incontinens
671 1302 783 1329 insciens
810 1301 886 1334 fecit,
915 1301 1095 1337 quaerendum
1122 1311 1194 1334 ease,
1222 1303 1282 1338 quis
1310 1303 1360 1331 iate

416 1344 567 1371 inscientiae
589 1343 682 1368 modus
704 1342 746 1371 sit,
772 1343 797 1374 5.
819 1338 845 1368 2.

348 1399 398 1420 ⁴77·
416 1386 443 1411 Si
466 1393 517 1410 non
540 1382 658 1414 seientia,
679 1382 725 1407 sed
747 1381 839 1415 opinio
860 1389 943 1416 eaque
972 1381 1074 1407 infirma
1102 1384 1126 1406 et
1156 1381 1288 1408 imbecilla
1315 1391 1359 1409 eu-

416 1424 517 1458 piditati
539 1422 720 1447 adivi-survtur
741 1426 765 1447 ct
788 1420 936 1452 obsisteret,
961 1420 1037 1446 venia
1057 1420 1167 1454 dignum
1188 1429 1246 1447 esse
1268 1422 1360 1448 incon-

415 1464 549 1492 tinentem,
570 1471 629 1487 eniu
653 1467 738 1486 tumen
761 1461 793 1486 sit
817 1460 953 1495 improbus
974 1464 999 1486 et
1021 1460 1216 1494 vituperandus.
1235 1458 1358 1492 §.3—4.

309 1512 335 1538 β,
359 1503 480 1530 Secunda
502 1502 642 1527 dubitata).
665 1501 704 1526 De
726 1500 818 1534 quinta
839 1499 973 1534 opinione.
996 1499 1180 1532 prudentiam,
1203 1500 1224 1526 si
1248 1501 1358 1527 inconti-

358 1544 476 1569 nentium
499 1540 690 1575 cupiditatibus
712 1543 878 1574 repugnaret,
900 1548 957 1565 esse
978 1539 1004 1565 in
1019 1538 1122 1570 eodem,
1145 1539 1171 1565 in
1191 1548 1245 1574 quo
1267 1539 1359 1566 incon-

358 1583 475 1608 tinentia.
499 1584 522 1613 §.
546 1580 573 1607 5.

360 1623 448 1648 Tertia
470 1620 609 1646 dubitatio.
632 1619 670 1645 Dc
693 1622 787 1653 quarta
808 1618 850 1653 (et
875 1617 970 1653 prima)
998 1617 1133 1652 opinione.
1162 1617 1358 1650 Continentem,

358 1662 379 1687 si
401 1664 527 1695 repugnet
549 1659 642 1685 validis
665 1663 690 1684 et
702 1658 777 1684 malis
795 1657 995 1692 cupiditatibus,
1016 1666 1070 1683 non
1091 1666 1148 1683 esse
1160 1661 1357 1692 temperantem,

356 1701 453 1735 quippe
474 1700 518 1733 qni
540 1708 584 1724 eas
605 1707 658 1724 non
679 1697 788 1723 habeat:
811 1697 851 1723 sin
872 1696 1064 1732 cupiditatibus
1086 1696 1163 1722 bonis
1191 1701 1237 1722 aut
1265 1697 1358 1724 debili-

358 1741 416 1769 bus,
438 1738 626 1764 continentiam
648 1746 691 1763 eas
714 1736 897 1772 prohibentem
919 1745 973 1762 non
994 1744 1051 1762 esse
1072 1735 1171 1762 bonam
1192 1740 1239 1762 aut
1258 1737 1358 1771 glorio-

357 1788 422 1804 suun.
445 1780 470 1810 5.
492 1776 518 1805 ὓ.

307 1819 332 1848 ὃ,
355 1819 457 1848 Quarta
479 1817 618 1842 dubitatio.
641 1816 680 1841 De
701 1815 817 1842 secunda
839 1816 877 1848 (et
897 1813 997 1850 prima)
1019 1814 1153 1849 opinione.
1175 1815 1201 1847 5.
1223 1812 1329 1843 7-10,

347 1871 392 1886 αι.
415 1856 621 1885 Continentiain,
643 1855 664 1880 si
687 1855 712 1881 in
734 1855 806 1881 omni
827 1854 958 1881 sententia
978 1858 1134 1889 perseveret,
1155 1863 1213 1881 eane
1234 1863 1357 1881 nonnun-

414 1905 493 1931 quam
516 1896 620 1925 malain,
645 1894 861 1920 incontinentiam
883 1897 971 1920 autem
992 1892 1099 1919 bonam.
1122 1894 1147 1925 5.
1170 1891 1197 1920 7.

344 1942 391 1971 ρβ.
402 1936 431 1961 In
440 1934 565 1969 captiosis
574 1933 1014 1960 ratincinutionibuscontinentiam
1021 1933 1129 1964 mnsam,
1138 1932 1356 1960 incontinentiam

412 1975 510 2000 bonam
538 1982 594 2000 esse
621 1973 741 2007 reperiri,
763 1982 823 1999 cum
844 1972 968 1999 standum
990 1980 1044 1998 non
1066 1972 1100 1998 sit
1127 1971 1354 1999 conclusionibus.

346 2067 395 2088 ry.
411 2054 439 2080 Si
460 2053 520 2088 quis
541 2051 610 2078 bona
631 2060 680 2085 pro
701 2050 776 2076 maiia
797 2050 895 2077 habeat
915 2055 940 2077 et
954 2055 1048 2077 contra
1067 2050 1147 2077 saciat
1167 2054 1246 2085 atque
1267 2049 1356 2077 exinti·

412 2098 473 2123 unet,
495 2090 697 2126 imprudentiam
719 2099 778 2116 cnm
807 2089 999 2117 incontinentia
1024 2089 1191 2124 conjunctam
1221 2098 1278 2116 ease
1304 2090 1355 2116 vir-

411 2137 502 2158 tutem.
525 2132 549 2163 5.
571 2127 600 2158 9.

350 767 400 788 77·

335 540 342 546 ,
364 518 404 543 Dc
425 515 588 542 continentia
608 518 632 540 et
655 512 847 539 incontinentia
866 513 979 538 aliorum
1001 512 1141 548 opiniones
1161 522 1208 540 sex
1226 514 1366 549 proferun·
1410 511 1411 514 ¹
