1439 2342
755 0 1439 21 W

497 71 571 100 Libri
590 72 625 99 x.
663 71 730 108 σιμ.
749 72 788 100 m
809 73 867 106 (ιι.)
1224 73 1298 109 319

144 180 174 212 αἱ
198 178 365 222 ἐπιστῆμαι,
390 181 419 212 αἱ
434 176 544 221 ἀρεταί.
569 177 619 219 τοῖς
643 179 674 212 δὲ
700 177 759 212 ἀπὸ
783 181 837 213 τῶν
860 180 1054 213 ἐπονειδίστων
1077 178 1164 221 ἡδέων
1188 178 1299 224 ἡδονάς,

138 233 228 281 ἀἵπερ
252 233 319 267 εἰσὶν
343 236 372 267 αἱ
396 232 455 268 oin&
481 236 528 278 τῆς
552 236 605 268 τῶν
629 232 748 278 α’ῤῥένων
778 233 949 278 ἅφροδισίαι
972 235 1020 269 καὶ
1050 234 1100 277 ταῖς
1129 230 1218 276 ἄλλοις
1250 236 1300 278 τὰς

144 288 288 331 τοιαύτας,
312 288 361 324 οὔκ
385 288 486 334 ἡδοναῖς
510 289 608 331 ἅπλῶς
631 288 739 335 ῥητέον.
763 310 807 317 -
831 289 921 325 ὄτισῧν
945 291 1080 335 φαγόντι)
1102 294 1298 336 Acciajolus:

143 348 211 387 „Ut
234 359 272 380 ex
296 359 389 380 carne
413 348 552 380 humana
575 360 639 381 non
663 355 712 381 est
736 349 855 382 bonum
884 361 943 382 nec
973 350 1183 391 expetendum
1215 351 1299 382 sani-

143 409 243 436 tatem
268 405 456 447 consequi.“

233 461 260 502 §.
288 461 338 493 11.
385 455 404 502 ἢ
423 461 466 502 τῷ
484 459 566 502 εἴδει)
587 461 708 493 Vocem
721 456 775 500 gn,
795 472 874 504 quae
883 461 975 503 vulgo
986 466 1057 494 ante
1072 461 1114 503 τῷ
1128 461 1298 504 legebatur,

143 517 280 558 expunxi
304 528 343 549 cx
364 518 551 549 auctoritate
568 518 711 550 codicum
738 518 788 555 El,
812 518 883 556 Par,
908 519 994 556 Vrat,
1020 529 1079 549 nec
1103 529 1165 549 non
1187 519 1247 550 Ald
1267 525 1300 551 et

142 573 222 604 Ven.
269 573 342 605 Jam
371 585 454 606 nunc
485 574 717 616 adstipulantur
749 574 942 606 Cardwellus
972 579 1004 606 et
1033 574 1196 606 Bekkerus
1227 586 1298 606 cum

142 628 289 661 omnibus
321 629 385 661 suis
417 630 589 663 codicibus.
644 629 845 662 Addentibus
878 624 920 661 ’ἔτι
950 630 1161 671 supplendum
1190 637 1257 663 erat
1281 642 1298 662 e

143 685 170 726 ᾧ.
198 685 248 719 10.
272 685 377 727 λέγοιτ’
406 677 448 717 ἄν.

231 743 258 783 ξ.
286 742 336 774 12.
384 742 425 783 τῷ
449 741 497 784 μὲν
520 760 563 765 —
587 739 634 773 τὸν
658 742 700 781 ὁ’“)
725 742 778 774 Sic
802 743 873 773 dedi
897 753 913 774 e
935 743 1004 781 Par,
1029 754 1099 774 cum
1122 742 1297 774 Wilkinso-

142 809 201 830 nus
226 804 258 830 et
283 798 477 830 Cardwellus
499 798 658 840 vulgatam
683 794 715 829 τὸ
738 797 786 839 μὲν
810 817 852 821 -—-
877 795 907 829 τὲ
933 799 959 829 δ’
978 798 1044 830 sine
1062 799 1204 830 codicum
1222 809 1297 830 suo-

141 865 210 886 rum
234 854 385 886 varietate
410 854 582 891 ediderint3
608 854 652 886 sic
677 859 710 886 et
732 855 810 886 Ven.
858 855 986 893 Mecum
1017 854 1089 886 facit
1119 855 1295 893 Bekkerus‚

140 910 229 953 cujus
253 922 364 942 omnes
389 910 516 942 codices
541 910 650 951 legunt
674 910 715 951 τῷ
738 909 784 952 μέν
808 911 948 951 exeeptis
972 909 1016 942 Lb
1041 915 1073 941 et
1097 909 1153 948 Ob,
1185 916 1216 942 et
1254 907 1293 942 τὰ

141 966 175 998 δέ
202 972 336 1008 excepto
369 965 427 998 0⁸.
485 967 620 998 Coraes:
647 962 660 997 ὁ
684 965 731 1007 μὲν
756 963 931 1004 ὀνειδίζεται,
956 978 992 998 ex
1017 966 1196 998 Eustratio:
1222 963 1236 997 ὁ
1266 965 1296 997 δὲ

140 1020 232 1064 κόλαξ
256 1022 384 1064 ψέγεται.

229 1079 256 1120 ξ.
286 1079 334 1111 13.
382 1076 416 1117 ὡς
441 1077 545 1110 οἴονται
561 1075 706 1120 μάλιστα)
730 1078 885 1116 Assumsi,
902 1078 1034 1109 Zellium
1052 1082 1189 1116 secutus,
1213 1078 1293 1110 hanc

139 1135 310 1167 lectionem
336 1146 373 1166 ex
397 1135 435 1173 B,
462 1135 500 1173 C,
528 1134 585 1172 El,
611 1134 714 1171 CCC,
739 1135 815 1172 Par,
839 1135 931 1173 Vrat,
964 1134 1126 1166 codicibus
1151 1134 1293 1171 Victorii,

139 1191 211 1229 Ald,
235 1192 315 1230 Ven,
341 1191 551 1233 Argyropylo,
577 1202 647 1221 cum
671 1191 749 1228 Nc,
776 1190 968 1222 Cardwellus
1001 1195 1033 1221 et
1055 1189 1217 1221 Bekkerus
1250 1189 1295 1221 le—

140 1251 217 1289 gant
240 1243 274 1285 ὡς
299 1244 354 1278 οἷόν
378 1260 407 1277 τε
432 1257 448 1278 e
473 1247 538 1277 suis
571 1246 747 1284 codicibus,
778 1247 860 1278 inter
891 1257 972 1288 quos
1001 1257 1089 1277 meus
1118 1247 1156 1284 A,
1183 1251 1214 1278 et
1237 1243 1294 1284 Kb,

141 1303 194 1345 qui
217 1307 400 1335 constanter
424 1302 481 1334 has
505 1313 600 1334 voces
625 1307 793 1343 permutat.
834 1302 950 1334 Zellius
970 1307 1111 1333 nostram
1127 1301 1295 1334 lectionem

140 1359 184 1391 ita
207 1359 448 1401 interpretatur:
482 1358 639 1399 „Opinari
670 1358 795 1399 quidem
826 1369 941 1400 pueros
973 1368 1145 1400 eorumque
1177 1358 1295 1390 similes

141 1415 286 1447 maximis
317 1425 350 1446 se
378 1415 499 1456 gaudiis
531 1413 656 1455 perfrui,
688 1415 743 1445 sed
775 1414 876 1456 decipi
907 1414 936 1445 in
970 1414 1072 1453 hoc;‘·'
1096 1414 1234 1445 referens
1261 1410 1295 1452 ὡς

141 1470 247 1504 οἴονται
271 1469 402 1513 μάλιστα
428 1471 466 1501 ad
490 1466 634 1511 ἡὸόμενες,
659 1470 697 1500 ad
722 1470 768 1508 ἐφ’
794 1468 831 1508 εἷς
856 1466 892 1501 τι)
919 1469 1019 1501 media
1036 1470 1187 1511 supplens
1210 1462 1296 1510 ἧὸον-

143 1540 200 1560 ται.
258 1528 363 1559 Etiam
399 1539 499 1563 nunc,
535 1538 724 1568 quamquam
761 1531 809 1557 tot
833 1527 898 1568 jam
931 1526 1074 1557 codicum
1107 1526 1295 1557 auctoritate

142 1584 299 1625 vulgatam
324 1583 417 1614 video
442 1583 615 1620 defensam,
640 1582 827 1623 persuadere
851 1581 926 1613 mihi
951 1592 1012 1612 non
1044 1592 1194 1622 possum,
1226 1593 1293 1612 eam

142 1645 177 1671 ut
200 1640 386 1682 praeferam.
434 1639 664 1680 Simpliciorem
690 1650 764 1670 sane
795 1649 921 1669 sensum
944 1638 1045 1679 primo
1070 1637 1183 1668 obtutu
1206 1637 1292 1668 vide-

142 1701 193 1727 tur
216 1695 383 1737 praebere:
407 1696 501 1726 Nemo
527 1697 568 1726 ila
590 1696 689 1726 vivere
712 1698 842 1738 expetet,
857 1698 889 1724 ut
905 1704 964 1734 per
986 1695 1076 1724 vitam
1104 1695 1192 1733 pueri
1214 1704 1294 1724 men-

143 1755 198 1783 tem
221 1752 335 1790 habeat,
360 1753 477 1783 etiamsi
500 1762 586 1792 quam
617 1752 747 1782 maarime
778 1752 817 1781 iis
843 1751 931 1782 rebus
962 1750 1133 1787 delectetur,
1164 1759 1203 1780 θῶ
1231 1751 1295 1790 qui-

144 1809 198 1839 bus
218 1809 307 1848 pueri
330 1809 506 1849 voluptatem
529 1809 682 1848 cwimtf‘
729 1807 791 1837 Sed
817 1807 868 1847 qui
893 1816 999 1836 revera
1025 1805 1159 1836 maxime
1184 1805 1219 1835 iis
1244 1815 1292 1835 re-

144 1863 202 1895 bus
227 1864 411 1902 delectatur,
437 1875 453 1895 e
478 1863 591 1905 quibus
616 1863 702 1904 pueri
720 1863 914 1903 voluptatem
940 1862 1076 1901 capiunt,
1101 1861 1126 1891 is
1152 1866 1183 1891 et
1207 1860 1294 1901 pueri

143 1925 282 1952 mentem
308 1920 405 1951 habet
429 1925 461 1950 et
484 1919 635 1960 puerilem
660 1919 754 1949 vitam
785 1918 914 1959 expetit.
961 1918 1079 1948 Nostra
1113 1922 1217 1947 autem
1249 1916 1293 1947 le-

144 1976 250 2008 ctione
280 1976 341 2007 hoc
373 1981 459 2007 recte
484 1975 683 2016 exprimitur,
715 1985 883 2015 puerorum
913 1973 1105 2013 voluptatem
1137 1982 1200 2002 non
1225 1982 1295 2002 esse

145 2043 268 2071 veram,
293 2032 350 2063 sed
380 2031 531 2062 fictitiam.
580 2031 628 2061 Ex
652 2030 804 2061 Eustratii
830 2034 861 2060 et
884 2029 1111 2070 Paraphrastae
1139 2027 1294 2069 interpre-

145 2088 276 2127 tatione,
300 2094 441 2120 ceterum
464 2098 527 2118 non
550 2087 636 2124 falsa,
661 2091 765 2117 tamen
789 2085 975 2116 delectione
999 2084 1076 2115 nihil
1098 2083 1173 2114 certi
1198 2093 1294 2124 appa-

145 2149 204 2182 ret,
221 2144 309 2186 quasi
325 2144 406 2175 inter
422 2148 587 2184 utramque
603 2142 772 2173 lectionem
791 2141 958 2182 dijudicare
974 2139 1141 2171 noluerint.
1173 2139 1295 2173 Eadem
