1439 2342
504 72 574 99 Libri
597 72 615 98 l.
658 73 723 106 cap.
747 72 804 99 ΧΗ.
1182 74 1228 106 69

67 179 168 219 gratia
189 184 222 210 et
245 180 488 211 instrumentum
513 181 624 221 agendi
648 181 698 212 sit.
744 180 852 222 ltaque
875 182 901 212 si
926 192 987 223 qua
1010 182 1154 222 potentia
1177 191 1223 214 esi

67 233 162 270 bona,
181 246 242 265 non
259 235 317 266 nisi
331 235 485 266 laudabile
501 235 620 267 bonum
637 241 687 268 est
711 237 741 278 (i.
758 247 786 268 e.
800 237 884 278 quod
901 237 939 268 ad
957 237 1051 274 aliud,
1075 242 1224 280 tanquam

67 289 164 321 finem
188 301 292 328 suum,
317 290 478 329 refertur);
503 291 559 322 sed
585 303 680 332 saepe
705 303 744 324 ne
765 292 882 324 bonum
900 293 1027 335 quidem
1045 298 1104 324 est.
1141 294 1223 325 Nam

69 350 244 386 potestates
274 346 443 377 rationales
474 345 615 386 (δυνάμεις
639 345 710 388 μετά
735 345 850 388 λόγου),
881 354 916 379 ut
938 348 1014 380 dicit
1038 349 1224 381 Aristoteles

66 401 97 432 in
122 401 350 442 Metaphysicis
376 402 439 442 (Xl,
464 402 508 443 2),
534 402 564 433 in
588 408 753 444 utramque
777 408 899 444 partem
923 404 1053 436 tendere
1078 412 1223 446 possunt,

67 457 132 488 sive
148 456 263 488 bonam
280 457 345 489 sive
362 458 477 489 malam
502 458 551 497 (cf.
570 469 654 499 supr.
677 459 715 489 ad
740 470 767 490 c.
787 460 814 497 l,
840 460 866 500 ξ.
886 460 915 497 4,
933 470 963 500 p.
980 460 1023 499 4).
1059 460 1129 492 Hoc
1147 461 1224 492 vidit

65 513 261 549 Eustratius‚
293 513 345 555 qui
369 504 472 545 totuin
498 514 600 545 locum
627 514 671 545 sic
695 514 814 555 optime
839 514 989 556 explicat:
1023 515 1073 546 τῶν
1104 512 1223 556 ἀγαθῶν

67 565 101 599 rel
125 568 173 609 μὲν
196 571 279 603 effa,
311 566 347 600 ταὶ
372 569 402 600 ὁὲ
427 566 602 609 ἆνὲρώπινα·
634 568 683 601 καὶ
711 567 744 601 ταὶ
768 569 815 611 μὲν
840 572 907 602 θεῖα
934 569 1011 612 τίμια
1039 571 1149 611 λέγεται
1175 570 1221 603 &wi

64 622 113 665 τὴν
137 622 280 666 ὑπεροχὴν
305 623 352 655 καὶ
378 622 410 655 τὸ
434 621 504 665 ὑπὲρ
530 623 638 657 ἔπαινεν
663 624 747 663 εἶναι,
773 622 905 658 ἐπαινετά
930 625 959 657 δὲ
986 623 1020 657 nl
1046 624 1222 667 ἀνθρώπινα.

64 678 117 712 εἶσὶ
141 681 171 711 d}
196 678 245 712 καὶ
277 678 357 720 ἕτερα
392 678 556 721 ἀνθρώπινα
586 681 634 722 μὲν
657 679 705 712 καὶ
731 682 839 719 ταῧῑα,
870 682 1221 723 ἐπαμφοτερίζοντα

64 735 110 773 δὲ,
135 733 169 768 υἷε
192 738 410 776 κατορθοῦν
441 734 632 769 δύνασθαι
656 735 704 768 καὶ
728 734 963 779 ἁμαρτάνειν,
993 736 1041 768 καὶ
1065 736 1113 770 &tol
1140 739 1221 770 τοῦτο

64 792 193 833 δυνάμεις
217 790 362 834 λεγόμενα·
387 790 442 823 οὖν
467 789 596 833 ἰατρικὴ,
619 789 769 834 ῥητορικὴ,
792 792 986 835 κυβερνητική.
1026 797 1119 835 Ζητεῒ
1136 794 1221 825 τείινν

62 845 265 889 Ἀριστοτέλης
298 848 321 879 ἐν
354 847 410 879 τίσι
441 845 488 888 τὴν
519 844 695 889 εὐδαιμονίαν
725 848 850 880 τακτέον.
897 849 1026 880 Scilicet
1050 851 1157 889 Deus,
1188 857 1223 882 ut

64 908 152 935 actus
177 915 284 945 purus,
309 905 478 946 omniaque
496 905 600 936 divina
623 905 694 936 ideo
719 905 915 936 honorabilia
932 910 1015 943 sunt,
1041 906 1125 947 quod
1142 918 1222 937 nun-

63 971 156 1001 quam
174 966 248 991 sunt
264 960 407 1001 potentia
423 965 557 999 tantum,
583 961 639 992 sed
663 972 790 1001 semper
810 961 994 1002 plenissima
1011 966 1043 992 et
1058 961 1222 993 verissima

62 1016 200 1057 gaudent
223 1016 406 1055 existentia,
431 1022 568 1058 suntque
591 1017 810 1058 operationes,
842 1028 972 1058 quarum
996 1017 1125 1049 ultimus
1149 1018 1220 1049 finis

61 1071 93 1102 in
117 1083 151 1103 se
176 1072 252 1113 ipsis
278 1073 402 1113 positus
426 1078 475 1103 est
500 1072 703 1113 (ἐντελέχειαι).

151 1129 179 1169 ξ.
196 1128 226 1159 2.
263 1127 302 1169 τῷ
326 1125 404 1159 ποιόν
428 1141 453 1159 τι
476 1127 555 1167 εἶναι)
582 1129 664 1159 Cum
680 1128 835 1160 laudabile
854 1129 886 1160 id
902 1128 953 1167 sit,
977 1129 1063 1170 quod
1079 1130 1118 1161 ad
1134 1130 1218 1162 aliud

60 1185 200 1222 refertur,
214 1184 347 1224 qualitas
361 1189 410 1215 est
423 1183 635 1221 laudabilium,
650 1184 766 1226 quippe
781 1196 852 1216 cum
866 1196 923 1226 per
935 1185 1117 1226 qualitatem
1130 1197 1218 1217 suam

59 1239 295 1281 unumquidque
319 1239 358 1270 ad
381 1239 464 1270 aliud
488 1239 649 1271 referatur.
686 1240 832 1272 Qualitas
860 1245 966 1271 tamen
983 1241 1166 1272 arelatione
1182 1253 1220 1273 eo

59 1295 172 1333 differt,
196 1295 281 1337 quod
303 1295 336 1326 in
353 1295 501 1336 qualitate
525 1295 645 1333 relatio,
671 1307 750 1337 quae
773 1296 813 1327 ad
837 1296 920 1326 aliud
937 1301 1071 1337 spectat,
1094 1297 1218 1328 interna

60 1351 95 1381 fit
125 1356 158 1382 et
186 1351 313 1392 propria
345 1351 389 1381 rei
414 1351 652 1389 determinatio;
682 1352 786 1393 itaque
815 1362 872 1392 per
895 1351 1077 1392 qualitatem
1108 1353 1220 1384 relatio

60 1407 99 1438 ad
124 1406 334 1438 substantiam
359 1407 463 1438 denuo
487 1407 656 1438 reducitur.
675 1424 712 1430 ——
740 1404 786 1447 τὴν
812 1404 926 1447 ἀρετήν)
952 1407 1057 1438 Virtus
1082 1419 1144 1438 non
1171 1415 1219 1440 est

60 1463 214 1504 potentia,
233 1474 312 1504 quae
329 1468 383 1494 aut
398 1462 483 1494 bona
503 1468 557 1493 aut
572 1463 654 1494 mala
676 1468 785 1504 potest
801 1474 882 1500 esse,
905 1463 961 1493 sed
982 1462 1107 1494 habitus
1124 1461 1218 1504 (ἕξις),

59 1519 125 1550 sive
148 1519 346 1550 consuetudo
371 1530 443 1550 cum
466 1525 552 1549 recta
577 1519 698 1549 ratione
723 1515 820 1559 (5ρὶγῷ
843 1516 935 1558 λόγῳ)
967 1520 1145 1559 appetitum
1169 1519 1216 1550 di-

59 1574 182 1615 rigendi
207 1575 245 1605 ad
270 1574 399 1605 bonum.
447 1575 599 1605 Attamen
623 1585 663 1605 ne
689 1571 741 1614 ’έξις
766 1573 891 1614 quidem
915 1574 966 1604 illa
1000 1585 1056 1614 per
1079 1585 1113 1606 se
1135 1575 1234 1606 bona*

61 1635 126 1667 est,
158 1630 215 1661 sed
247 1630 430 1661 exercitatio
456 1630 584 1661 demum
617 1629 758 1663 virtutis,
791 1640 862 1660 cum
892 1629 991 1660 virtus
1021 1630 1062 1660 sit
1089 1637 1219 1671 propter

60 1686 294 1726 operationem3
323 1685 423 1716 w'rtus
454 1685 547 1726 igitur
578 1685 749 1722 laudabile,
780 1685 910 1716 felicitas
933 1695 1026 1722 vert),
1057 1690 1092 1716 ut
1122 1686 1218 1726 ψυχῆς

61 1741 179 1782 ἐνέργεια
202 1738 270 1772 κατ’
296 1738 411 1781 ἀρετήν,
436 1751 562 1781 semper
586 1740 778 1772 honorabile.

150 1797 178 1838 ξ.
203 1797 234 1830 3.
269 1799 388 1837 γελοῖαι)
412 1796 527 1828 Procul
551 1796 648 1827 dubio
673 1796 697 1827 οἱ
720 1795 789 1828 &sol
810 1796 1046 1838 intelligendum
1070 1802 1129 1835 est,
1154 1808 1217 1828 non

61 1852 172 1884 ἐπαινοῖ
198 1864 269 1884 cum
292 1853 503 1894 Argyropylo.
549 1852 793 1894 paraphrastes:
825 1849 873 1883 ὃιοῖ
904 1852 987 1883 τοῦτο
1018 1850 1066 1883 καὶ
1098 1853 1123 1882 οἱ
1156 1850 1217 1889 mig

61 1905 146 1945 θεοὺς
176 1908 349 1946 ἐπαινοῦντες
379 1908 487 1948 γελοῖοί
511 1907 586 1939 εἰσιν.
633 1908 762 1939 Etenim
783 1908 874 1940 Deos
902 1908 1044 1946 laudare,
1074 1908 1146 1939 ideo
1170 1913 1218 1939 est

60 1964 244 2002 ridiculum,
278 1964 364 2005 quod
395 1964 510 1995 laudati
542 1963 634 1995 nobis
665 1964 758 1995 utiles
790 1974 878 2001 esse,
914 1975 1015 2005 neque
1047 1963 1124 2001 sibi,
1160 1964 1217 1994 sed

61 2020 154 2052 nobis
171 2019 306 2051 existere
322 2019 478 2057 videntur,
503 2031 575 2051 cum
590 2019 649 2051 sibi
664 2019 742 2061 ipsis
759 2019 823 2051 sint
839 2019 911 2050 finis
928 2018 1067 2050 ultimus.
1105 2018 1217 2050 Risum

61 2075 154 2117 igitur
183 2086 309 2116 semper
340 2074 498 2113 movebit,
533 2076 559 2107 si
583 2075 652 2117 quis
675 2076 764 2107 Deos
794 2076 825 2106 in
856 2075 917 2106 hoc
945 2074 1037 2106 illove
1069 2074 1218 2115 singulari

63 2142 138 2163 casu
160 2130 340 2163 hominibus
373 2141 466 2172 opem
494 2132 631 2164 ferentes
655 2131 796 2169 finxerit,
830 2142 899 2162 cum
927 2135 1013 2162 actus
1039 2141 1146 2161 eorum
1178 2129 1219 2161 sit
