1439 2342
811 11 819 23 Χ

524 59 597 88 Libri
612 59 671 87 vn.
713 59 780 96 esp.
802 59 840 87 1v
859 60 926 94 (v1).
1228 60 1302 97 231

141 168 209 201 sine
231 166 385 200 varietate
408 169 566 209 codicum,
578 167 748 209 Victorius,
765 169 922 208 Muretus,
948 174 980 201 et
1003 180 1115 202 omnes
1131 170 1195 203 fere
1214 172 1302 203 editi.

139 224 234 267 Legit
257 220 418 257 οἷκίλασ-τοι
441 226 618 258 secundum
639 225 772 257 Zellium
797 226 884 258 solus
900 227 988 265 Vrat,
1013 232 1045 258 et
1069 237 1164 268 supra
1186 228 1302 260 lineam

139 281 217 320 Par3
253 281 298 312 sic
326 286 432 313 tamen
463 293 588 324 quoque
623 281 700 320 Ald,
735 283 821 322 Ven,
857 283 1029 324 Aspasius,
1064 283 1301 325 paraphrastes,

139 337 371 379 Argyropyſtrs,
404 338 598 376 Lambinus,
633 339 763 370 Coraes.
811 339 845 370 Si
880 339 1006 380 scripsit
1036 336 1211 378 ἀκόλαστοι,
1241 341 1303 373 hoc

139 392 198 426 sibi
227 393 327 425 voluit
349 394 577 436 Philosophus:
616 395 698 426 Cum
723 395 818 426 etiam
842 395 1108 436 intemperanteS,
1132 402 1167 427 ut
1189 396 1302 428 incon-

138 449 294 488 tinentes,
329 450 361 481 in
392 450 608 492 voluptatibus
640 451 780 493 corporis
804 452 1000 492 perfruendis
1024 458 1205 492 versentur,
1238 453 1302 486 irae

139 511 255 544 autem,
280 505 408 538 honoris
434 512 488 538 aut
509 507 585 538 lucri
608 507 856 548 intemperantes
882 518 944 538 non
970 508 1125 547 dicantur,
1149 510 1301 552 sequitur,

137 561 371 594 incontinentes
401 574 527 605 quoque
558 563 628 596 irae.
675 563 805 594 honoris
835 569 888 594 aut
918 563 995 595 lucri
1027 564 1212 606 simpliciter
1241 566 1302 599 dici

137 629 201 650 non
225 629 331 660 posse.
379 618 522 652 Μαλακοί
545 619 722 661 legentibus
747 620 790 651 ita
814 620 1086 661 interpretandum
1111 627 1175 653 est:
1217 622 1300 655 Cum

138 675 232 707 etiam
258 675 370 707 molles
394 676 425 707 in
451 677 611 718 corporeis
643 682 767 708 tantum
797 676 958 708 doloribus
983 683 1164 717 versentur,
1197 684 1230 710 et
1259 679 1301 711 ad

137 731 233 770 iram,
264 731 437 768 honorem,
469 732 590 764 lucrum
621 744 661 764 ne
691 733 862 774 improprie
893 733 1020 774 quidem
1044 734 1149 765 referri
1174 735 1301 776 possint

137 791 212 828 (nec
235 788 372 820 occurrit
399 788 430 820 in
462 794 530 820 tota
554 789 612 821 hac
635 790 822 820 tractatione
846 789 943 820 ullum
969 789 1060 831 hujus
1085 791 1300 823 translationis

137 844 336 886 vestigium),
370 850 474 886 patet,
499 845 750 877 incontinentem
773 856 899 888 quoque
924 846 1050 887 proprie
1075 846 1114 877 de
1139 849 1300 888 corporeis

136 901 352 943 voluptatibus
376 901 447 933 dici.
494 903 596 941 Nam,
620 907 656 933 ut
679 902 802 933 notavit
825 902 961 939 Zellius,
991 913 1095 943 „quae
1119 902 1151 933 in
1176 899 1300 945 ἀκρατῆ,

136 958 248 990 eadem
272 958 468 989 conveniunt
491 958 524 990 in
547 956 708 1000 μαλακέν,“
732 959 793 990 nisi
816 958 902 1000 quod
925 958 957 988 hi
981 958 1062 990 circa
1087 959 1232 998 dolores,
1257 961 1300 991 illi

136 1015 218 1047 circa
246 1015 426 1056 voluptates
458 1015 601 1056 ejusdem
632 1015 757 1057 generis
788 1020 954 1046 versantur
979 1015 1080 1055 (infra
1104 1027 1131 1047 c.
1150 1017 1180 1054 7,
1204 1016 1297 1058 ξ.1).

137 1071 229 1104 Quae
261 1075 435 1113 sequuntur
463 1068 510 1102 καὶ
543 1068 590 1102 ὃιᾶ
622 1072 701 1102 τοῦτ’
732 1071 767 1109 εἰς
798 1067 888 1102 ταύτὸ
912 1089 956 1093 -
980 1068 1077 1102 σῦὁένα
1108 1072 1151 1111 (i.
1169 1071 1202 1104 e.‘
1221 1073 1298 1104 sim-

133 1128 257 1170 pliciter
279 1127 532 1159 incontinentem
557 1133 589 1159 et
613 1127 877 1169 intemperantem
903 1127 1040 1159 eundem
1065 1139 1135 1160 esse
1153 1129 1298 1168 dicimus,

132 1195 198 1216 non
230 1195 268 1215 ex
296 1189 386 1225 parte
409 1184 661 1216 incontinentem
695 1190 727 1216 et
750 1184 1027 1226 intemperantem)
1053 1196 1129 1216 sane
1153 1195 1218 1216 non
1242 1197 1298 1218 co-

132 1241 262 1273 haerere
299 1240 446 1272 videntur
481 1252 553 1272 cum
591 1241 874 1282 praecedentibus,
916 1241 942 1271 si
983 1241 1124 1282 legamus
1159 1242 1296 1283 μαλακοί.

131 1297 227 1329 Refer
249 1301 357 1328 tamen
380 1297 462 1329 hanc
479 1297 742 1336 enuntiationem,
767 1303 917 1339 tanquam
935 1298 1206 1339 consequentiam,
1231 1309 1297 1330 non

133 1354 172 1385 ad
196 1353 372 1395 proximam
397 1353 666 1393 enuntiationem,
691 1354 748 1385 sed
773 1354 814 1385 ad
838 1354 1044 1395 superiorem.
1091 1355 1202 1386 Potuit
1225 1360 1296 1386 tan-

132 1411 206 1442 dem
236 1415 269 1441 et
299 1410 380 1441 hanc
409 1409 450 1440 ob
475 1421 602 1441 causam
630 1409 762 1452 μαλακοί
781 1410 946 1451 praeferri,
978 1410 1062 1452 quod
1092 1421 1296 1443 communem

131 1467 296 1498 materiem
320 1467 545 1508 intemperanti
568 1472 600 1498 et
622 1467 833 1498 incontinenti
862 1477 950 1505 esse,
977 1467 1044 1508 jam
1078 1477 1173 1508 supra
1197 1469 1238 1505 (c.
1264 1467 1295 1506 3,

131 1524 158 1566 ξ.
183 1524 214 1564 2)
247 1528 358 1555 auctor
386 1524 546 1562 docuerit3
588 1523 734 1565 illamque
763 1523 904 1554 mollium
928 1534 1000 1554 cum
1023 1523 1296 1555 incontinentibus

131 1580 386 1613 convenientiam
411 1580 437 1611 si
460 1580 539 1611 infra
563 1580 691 1612 demum
716 1579 891 1612 accuratius
916 1580 1127 1621 explicaturus
1156 1585 1222 1619 est,
1255 1592 1295 1612 ne

130 1637 209 1669 haec
233 1637 360 1680 quidem
384 1637 568 1678 anticipatio
601 1637 686 1679 apud
709 1637 864 1668 Nostrum
888 1647 948 1668 nos
973 1636 1122 1668 offendet.
1169 1637 1295 1669 Nihilo-

130 1693 253 1733 minus,
285 1694 410 1725 etiamsi
433 1694 527 1735 longe
551 1693 675 1734 plurimi
704 1693 830 1724 codices
854 1691 986 1734 μαλακοί
1009 1697 1174 1732 tueantur,
1205 1693 1296 1725 aliter

131 1755 225 1792 atque
260 1747 424 1782 ἀκόλαστοι
448 1749 585 1781 scribere
620 1749 809 1781 Aristoteles
833 1760 963 1790 prorsus
983 1760 1049 1780 non
1072 1749 1194 1790 potuit,
1221 1761 1293 1782 cum

131 1811 239 1849 aperte
263 1807 290 1848 ᾧ.
309 1806 339 1838 4.
364 1817 442 1838 voce
468 1802 594 1847 ἀκρατής
613 1806 682 1847 jam
707 1802 721 1836 ὃ
744 1802 874 1847 μαλακός
898 1805 1114 1837 contineatur:
1150 1801 1164 1836 ὃ
1187 1802 1227 1847 μὴ
1252 1807 1292 1848 τῷ

130 1864 338 1903 πρεαιρεῖσὲειι
372 1862 424 1893 τῶν
455 1875 484 1893 τε
515 1858 601 1903 ἡδέων
634 1858 740 1893 διώκων
777 1859 826 1900 *rig
858 1857 1019 1901 ὖπερβσλοῖς
1049 1859 1099 1892 καὶ
1128 1861 1196 1892 τῶν
1226 1866 1292 1894 λυ-

131 1918 252 1962 πηρῶν
284 1915 432 1959 φεύγων.
463 1936 497 1941 -—
546 1917 581 1956 εἰς
606 1914 716 1957 ταύτό)
751 1917 786 1956 εἰς
816 1913 918 1949 ταύτόν
945 1918 1023 1955 Par,
1052 1917 1292 1958 Paraphrastes,

131 1975 262 2013 Coraes,
287 1975 463 2006 Bekkerus.
488 1993 532 1997 —
577 1971 640 2014 περὶ
664 1970 714 2012 τοῖς
739 1970 826 2012 αὐτοῖς
856 1974 937 2014 πως)
973 1973 1144 2014 Aspasius:
1175 1972 1236 2005 εἷπε
1260 1973 1292 2006 δὲ

130 2027 164 2063 τὸ
188 2031 262 2070 πῶς,
285 2028 327 2062 ἵνα
351 2030 446 2074 δείξῃ,
472 2024 532 2068 ἔτι,
556 2029 582 2062 εἰ
601 2027 650 2061 καὶ
673 2027 737 2070 περὶ
760 2027 797 2062 roi.
822 2026 896 2061 αὐτοὶ
919 2025 1086 2071 ὑποκείμενα
1109 2029 1290 2070 καταγίνεται

131 2083 146 2119 ὃ
168 2084 295 2128 ἀκρατὴς
318 2084 367 2118 καὶ
392 2083 405 2118 ὅ
431 2083 603 2125 ἀκόλαστος,
626 2083 695 2119 ἀλλ’
720 2082 777 2127 οὐχ
800 2082 910 2128 ὁμοίως·
939 2082 1006 2118 ἀλλ’
1031 2086 1056 2117 εἶ
1079 2084 1145 2127 μὲν,
1176 2078 1241 2128 ἤτοι
1264 2087 1290 2119 οἳ

131 2139 302 2183 ἀκόλαστοι,
325 2140 541 2187 προαιρούμενοι
557 2140 719 2184 πράττουσι
735 2139 769 2175 τὸ
792 2139 878 2174 κακὸν
885 2165 894 2181 ,
918 2139 986 2181 οἵδε,
1010 2134 1074 2185 ἦτοι
1096 2142 1123 2174 οἱ
1145 2138 1289 2184 ἀκρατεῖς,
