1439 2342
159 51 233 90 244
437 54 617 81 Commenta.
640 53 674 80 nd
695 53 803 80 Ariston
825 32 911 80 Etixie⁴
933 51 1037 80 Nicon.

162 163 273 206 ponit,
309 172 449 205 quaeque
479 161 518 192 ad
548 161 665 193 malum
695 161 791 193 finem
826 160 947 193 ducunt
975 160 1054 193 scite
1080 159 1183 204 eligit„
1230 159 1318 192 Haec

162 219 237 251 mihi
268 216 390 249 exstitit
412 216 579 258 explicatio
604 216 773 258 Aspasium
805 221 838 248 et
866 216 1099 258 Paraphrasten
1123 215 1320 258 comparanti

163 286 233 306 cum
257 274 344 315 ipsis,
368 284 448 315 quae
473 277 656 315 sequuntur,
682 272 862 305 Aristotelis
886 272 1002 305 verbis.
1035 291 1075 296 —
1107 272 1132 304 ἐν
1155 274 1213 311 τοῖς
1237 268 1319 312 πρῶ-

162 343 219 369 τοις
242 327 350 371 λόγοις)
374 329 422 361 Cf.
447 339 531 371 supr.
557 328 608 368 VI,
633 341 660 367 c,
689 329 739 368 12,
762 329 789 370 ξ.
816 327 897 361 7-9.
943 329 1061 361 Mirum
1085 328 1182 361 videri
1206 328 1318 370 possit,

161 386 322 428 quomodo
346 386 385 417 de
408 385 487 417 libro
512 390 602 418 sexto
627 385 736 426 πρῶτοι
759 382 840 426 λόγοι
873 385 1045 427 praedicari
1073 390 1206 427 queant,
1246 395 1318 416 cum

161 442 200 474 ab
224 443 313 474 initio
344 446 510 483 tantopere
541 442 647 473 distet.
701 441 766 473 Sed
796 452 866 473 cum
897 452 914 472 a
943 441 1022 473 libro
1057 441 1193 483 septimo
1223 441 1321 473 altera

160 497 447 530 Nicomacheorum
471 509 545 540 pars
569 498 698 540 incipiat
722 489 827 538 (ἄλλην
852 496 1057 540 ποιησαμένους
1080 494 1203 539 α’ρχήν),
1234 497 1320 539 prior

160 566 254 597 pars,
278 565 357 596 quae
381 565 436 586 sex
460 553 615 597 prioribus
640 553 725 585 libris
750 553 945 592 continetur,
973 553 1101 586 nomine
1124 549 1178 586 τῶν
1201 551 1320 591 πρώτων

161 608 250 651 λέγων
274 616 343 642 tota
368 610 524 652 designari
548 610 716 642 commode
740 615 856 652 potest.

247 667 273 708 ᾧ.
299 667 329 700 3.
376 663 440 699 οὐδὲ
462 663 498 708 δὴ
521 662 566 706 ὡς)
591 677 635 698 sc.
652 668 836 699 incontinens
851 676 883 698 se
905 676 963 697 non
978 666 1110 698 habetat
1131 670 1191 697 etc.
1217 666 1318 708 Aspa-

161 723 243 755 sius:
268 719 393 765 ἡττᾶται
419 719 576 765 ὃοῖκρατὴς
599 719 656 764 οὐχ
673 719 707 761 ὥς
732 719 810 760 εἰδώς
825 719 873 754 καὶ
890 721 1016 762 θεωρῶν,
1041 713 1104 763 ἤτοι
1128 721 1249 762 ἐνεργῶν.
1279 741 1318 747 —-

159 775 174 811 ἑ
187 778 244 821 μέν)
263 780 322 811 Est
340 780 438 812 altera
451 779 573 822 species
586 779 845 816 incontinentiae,
858 789 951 820 quam
969 773 1118 810 ἀσθένειαν
1130 778 1319 810 Aristoteles

158 836 293 874 vocavit,
319 831 333 867 ὃ
358 835 391 867 δέ
413 836 520 875 altera,
545 836 594 868 cui
613 847 730 868 nornen
747 834 903 875 προπέτεια
927 833 1030 866 dedit=
1056 834 1092 866 cf.
1118 845 1214 876 supra
1236 845 1263 866 c.
1289 835 1319 872 7,

158 892 186 933 ξ.
211 891 303 932 8-9;
328 903 354 924 c.
379 892 410 930 8,
436 893 464 934 ᾧ.
489 893 526 931 2;
551 892 629 924 infra
653 896 763 924 nostro
787 891 902 932 capite,
927 890 955 931 ξ.
981 888 1011 922 6.

250 948 278 989 ξ.
304 948 334 980 4.
382 944 408 979 d'
432 945 538 988 οὗὸενί)
572 947 602 979 ὁέ
627 943 704 979 οὐδέν
728 948 783 986 H',
807 945 864 985 Kb,
887 944 946 983 N'’,
971 945 1145 978 Bekkerus.
1169 965 1210 970 —
1230 943 1319 979 Ἀνα-

158 1003 323 1046 ξανδρίδης)
350 1004 488 1037 Coraes:
515 1000 528 1036 ὅ
548 1000 671 1043 Ῥόδιος,
694 1002 844 1046 κωμῳδίας
860 999 990 1043 ποιητής.
1014 999 1047 1033 τὸ
1064 1001 1094 1034 ὁὶ
1120 1000 1183 1041 ἔπος
1207 1000 1274 1042 ἴσως
1290 1003 1320 1034 ἐκ

157 1059 209 1091 τοῦ
236 1058 383 1103 δράματος
416 1061 467 1093 τοῦ
492 1060 719 1103 ἐπιγραφομένου
758 1061 902 1098 Πολεῖς.
949 1058 1147 1100 Zwingerus:
1191 1059 1319 1097 „Poeta

155 1116 291 1158 tragicus
315 1128 332 1148 e
355 1117 471 1149 Rhodo
494 1117 607 1155 insula,
632 1117 684 1159 qui
713 1128 785 1148 cum
809 1120 919 1148 contra
945 1115 1155 1147 Athenienses
1180 1126 1317 1155 carmen,

156 1173 244 1214 cujus
267 1172 318 1204 hic
340 1173 485 1205 meminit
497 1173 697 1210 Aristoteles,
723 1172 912 1213 scripsisset,
937 1172 1018 1202 fame
1043 1177 1076 1203 et
1097 1171 1201 1203 inedia
1224 1171 1264 1203 ab
1279 1171 1316 1203 iis

155 1233 287 1260 necatus
312 1231 396 1260 est.“
443 1229 492 1261 Cf.
519 1229 674 1260 Athenaei
696 1228 852 1269 Deipnos.
877 1226 932 1266 IX,
956 1239 983 1259 c.
1013 1227 1067 1266 16;
1102 1227 1236 1259 Fabricii
1259 1227 1312 1260 Bi-

157 1283 268 1316 blioth.
295 1284 351 1316 Gr.
376 1285 414 1316 T.
439 1284 476 1324 II,
502 1296 532 1326 p.
557 1285 633 1323 283,
659 1284 734 1317 411.
775 1302 812 1308 -
855 1279 1006 1322 ἐβούλεθ’)
1039 1280 1201 1321 ἐβουλεύετο
1225 1284 1313 1322 Vrat,

153 1338 209 1380 Ll',
235 1338 302 1372 Ob:
328 1338 492 1379 ἐβούλευσεν
512 1341 582 1373 Par.

246 1397 274 1438 ξ.
299 1397 329 1429 5.
377 1397 464 1429 Haec
481 1397 670 1429 Aristoteles
690 1397 756 1438 jam
782 1395 859 1426 dixit
881 1406 975 1437 supra
993 1407 1019 1428 c.
1046 1397 1074 1435 7,
1095 1394 1125 1440 ξ.
1143 1396 1169 1428 1.
1184 1401 1216 1428 et
1229 1396 1312 1428 5-6.

243 1453 272 1495 ξ.
297 1453 326 1486 G.
373 1453 619 1495 βουλευσαμένων)
652 1451 858 1493 βουλευομένων
895 1452 968 1492 NC,
1000 1452 1055 1491 H³,
1087 1452 1141 1491 Lh,
1171 1451 1229 1491 N¹',
1255 1450 1314 1485 Ob»

157 1502 520 1552 Bekkerus.—1‹:2'›'r¹›r0;)
540 1509 780 1541 wilkinsonus:
806 1507 937 1546 „Parius
961 1509 1029 1547 fuit,
1049 1509 1216 1550 Elegorum
1235 1509 1312 1541 scri·

153 1570 236 1606 ptor,
262 1566 350 1607 cujus
374 1566 547 1607 fragmenta
571 1566 690 1608 aliquot
713 1564 808 1596 hodie
832 1564 1128 1596 cstcumferunturf‘

222 1622 249 1663 ξ.
276 1623 306 1654 7.
353 1619 401 1653 καὶ
423 1621 559 1663 καρτερία
583 1621 652 1660 καί)
679 1621 749 1652 Eud
776 1633 802 1652 τι
826 1626 902 1662 post
922 1620 1007 1662 prius
1031 1620 1089 1659 κου’,
1115 1621 1154 1652 El
1179 1625 1252 1662 post
1268 1621 1312 1653 al-

156 1682 258 1709 terum
283 1678 387 1709 addit:
420 1684 494 1719 post
518 1683 684 1719 utrumque
717 1676 910 1709 Cardwellus
939 1682 972 1707 ct
1002 1677 1164 1709 Bekkerus
1188 1677 1313 1710 codices

155 1744 248 1771 suos,
273 1739 405 1775 excepto
432 1733 493 1773 Mb,
519 1734 628 1765 secuti.

243 1788 342 1820 CAP.
367 1788 425 1819 xi.
445 1790 542 1831 (Cap.
557 1790 641 1831 ΧΗ.)
660 1789 730 1821 Etsi
747 1789 902 1821 rationem
913 1788 989 1821 satis
1009 1790 1209 1822 commodam
1227 1795 1313 1822 attu-

153 1845 291 1882 ierimus,
315 1856 370 1877 cur
394 1845 433 1876 de
456 1845 618 1887 voluptate
636 1846 696 1878 hoc
712 1846 783 1877 loco
799 1857 899 1888 usque
916 1846 954 1877 ad
975 1846 1070 1877 finem
1088 1846 1156 1878 libri
1173 1846 1314 1888 disputet

154 1900 341 1932 Aristoteles
364 1900 450 1939 (vide
475 1912 560 1943 supr.
584 1902 622 1933 ad
639 1913 666 1933 c.
681 1902 706 1940 1,
722 1902 750 1943 ξ.
764 1902 789 1940 1,
805 1913 836 1943 p.
855 1902 945 1940 222),
973 1901 1178 1934 nihilominus
1208 1902 1313 1934 mirari

154 1956 270 1998 possis,
295 1967 349 1988 cur
373 1957 413 1988 de
437 1957 549 1988 eadem
575 1958 704 1989 materia
734 1958 847 1990 iterum
872 1963 904 1990 et
927 1957 1055 1990 uberius
1081 1959 1140 1999 (X,
1164 1969 1190 1990 c.
1220 1958 1312 1999 1-5)

153 2013 342 2044 disserturus
366 2013 416 2051 sit,
441 2012 500 2044 nisi
525 2013 602 2045 velis
619 2019 729 2055 putare
753 2025 816 2045 non
841 2014 979 2057 singulas
997 2020 1120 2047 tantum
1137 2014 1312 2047 sententias

151 2068 182 2099 in
207 2069 254 2099 his
272 2068 537 2109 praelectionibus
554 2070 770 2108 recensendis,
795 2070 852 2102 sed
868 2075 955 2103 totos
974 2076 1126 2104 tractatus
1144 2071 1184 2104 de
1199 2071 1310 2103 eadem

153 2124 283 2156 materia
308 2124 460 2165 repetitos
486 2125 591 2157 fuisse.
639 2126 769 2159 Praeter
788 2127 968 2160 Aristotelis
991 2125 1058 2168 περὶ
1078 2123 1176 2169 ἡδονῆς
1199 2127 1312 2159 librum
