1439 2342
467 83 539 110 Libri
560 83 580 109 1.
622 82 686 117 Cap.
709 82 732 107 v
754 81 822 115 (lu).
1177 79 1224 114 27

69 204 144 225 num
161 203 196 225 se
211 192 318 230 habet,
341 197 378 224 ut
400 191 544 233 potentia
567 191 605 222 ad
629 196 745 222 actum.
785 190 931 222 Felicitas
948 194 998 221 est
1013 189 1122 227 virtus,
1147 200 1226 231 quae

69 249 150 291 agit,
179 259 275 291 reque
307 247 430 287 existit3
463 247 595 279 felicitas
625 247 773 278 virtutem
804 247 843 278 ad
871 245 1042 286 ἐντελέχειαν
1073 245 1226 286 perducit.

68 305 226 337 Virtutem
251 309 356 336 autem
380 313 438 344 per
461 313 495 334 se
519 301 691 342 ἐντελέχειαν
715 314 779 333 nou
803 302 982 340 continere,
1013 301 1152 342 probant
1174 312 1227 333 se-

69 361 207 403 quentia.
231 380 275 385 —
306 356 461 398 ἀπρακτεῖν
492 355 540 389 ὀιιί
570 357 644 397 βίου)
675 357 858 389 Eustratius
891 358 995 389 additi
1031 354 1081 395 τοῖς
1112 354 1228 398 ἀγαθάς

68 417 115 458 μὲν
139 415 243 457 ἔχοντα
266 413 345 456 ἕξεις,
369 411 401 446 οὗ
424 413 517 456 μέντοι
539 426 570 454 γε
596 410 844 455 προχειριζόμενον
866 408 950 454 ἢδιεῖ
973 410 1007 444 r&
1031 410 1069 454 μὴ
1093 409 1226 453 εὑρίσκειν

68 469 164 513 καιρὸν
189 468 257 511 πρὶς
280 467 330 512 τὴν
363 469 549 511 προχείρησιν
582 469 635 500 τῶν
667 467 745 510 ἕξεων
769 464 787 510 ἢ
811 465 858 500 &ici
882 465 916 499 τό
939 465 979 510 μὴ
1002 464 1127 507 εὐπορεῖν
1149 464 1228 509 ῧλης.

69 526 103 567 ὡς
119 526 199 566 εἴτις
223 523 440 569 μεγαλοπρεπὴς
461 525 508 568 μὲν
531 524 584 567 εἴη,
608 522 767 567 χρημάτων
791 524 822 556 ὁὶ
837 521 970 566 ἀποροίη·
994 524 1020 556 ἐν
1035 524 1150 566 μεγέθει
1172 522 1227 565 γιέρ

69 583 153 625 ἔργων
180 581 229 615 καὶ
259 580 367 624 πλήθει
398 578 591 623 ἀναλωμάτων
615 578 740 623 ἐμφανὴς
770 577 783 612 ὅ
807 577 1026 623 μεγαλοπρεπὴς
1048 579 1161 621 γίνεται.
1187 599 1227 602 —

68 638 115 672 καὶ
147 637 216 679 πρὸς
246 636 366 679 τούτεις)
398 638 540 680 Requirit
570 638 610 669 ad
633 638 815 669 felicitatem
839 637 1028 668 Aristoteles
1051 637 1149 668 vitam
1174 648 1227 668 ex-

69 696 166 728 ternis
183 695 275 727 bonis
293 695 369 726 satis
386 695 583 731 instructam,
608 704 723 734 nempe
739 693 930 731 valetudine,
955 693 1083 731 divitiis,
1108 693 1228 731 amicis,

67 752 166 794 gratia
190 758 269 789 etc.;
301 751 387 783 hisce
418 750 500 782 enim
533 749 680 780 omnibus
704 749 853 787 remotis,
881 749 1056 780 secundum
1079 749 1228 780 virtutem

70 819 163 849 agere
187 818 250 838 non
277 818 457 848 possumus.
504 806 627 838 Definit
650 806 743 846 igitur
766 805 965 844 felicitatem,
997 810 1032 836 ut
1055 804 1230 836 videbimus

67 864 100 895 in
125 863 328 905 sequentibus
353 866 396 901 (c.
422 864 458 901 7,
484 862 684 904 §.14-15):
709 861 807 902 ψυχῆς
833 860 964 902 ἐνέργειαν
987 857 1054 892 κατ’
1081 857 1181 902 ἀρετὴν
1206 861 1229 891 ἓν

69 918 122 960 βίῳ
153 918 261 960 τελείῳ.
311 918 530 951 Quamobrem
559 930 624 950 non
653 923 761 959 potest
784 917 896 948 beatus
921 928 1008 954 esse,
1040 917 1092 958 qui
1115 917 1229 948 virtute

70 975 195 1017 quidem
219 975 391 1006 instructus
416 981 475 1012 est,
501 975 557 1006 sed
582 975 680 1005 altera
696 979 782 1005 caret
804 973 1008 1004 beatitudinis
1026 978 1125 1013 parte,
1150 984 1230 1014 quae

70 1031 176 1062 virtuti
211 1032 250 1062 ad
285 1031 504 1071 operationem
536 1029 714 1061 necessaria
743 1035 803 1060 est.
855 1029 1029 1070 singularia
1060 1029 1144 1060 bona
1174 1040 1231 1060 seu

70 1087 150 1118 fines
174 1087 374 1128 appetitusve
395 1086 553 1117 naturales
577 1085 741 1116 Aristoteli
764 1090 839 1116 sunt
862 1085 1072 1116 instrumenta
1096 1086 1136 1116 ad
1159 1086 1229 1116 uni-

70 1143 190 1175 versale
212 1143 262 1174 vel
285 1153 445 1173 summum
469 1141 588 1172 bonum
613 1141 858 1182 impetrandum,
885 1152 957 1172 cum
981 1141 1072 1172 Plato
1097 1141 1230 1172 alterum

71 1199 111 1230 ab
135 1199 234 1230 altero
258 1198 351 1239 plane
376 1198 530 1229 excludat.
556 1214 598 1219 -
627 1196 653 1228 εἰ
673 1193 712 1238 μὴ
743 1196 825 1228 ξ’έσιν
855 1193 1069 1235 διαφυλάττων)
1106 1197 1230 1228 Nihilo-

68 1255 172 1286 minus
211 1259 286 1296 post
320 1254 526 1285 Aristotelem
561 1253 661 1285 Stoici
696 1253 727 1283 id
763 1252 1006 1284 contenderunt.
1064 1253 1229 1284 Summani

69 1311 153 1343 enim
185 1310 414 1342 beatitudinem
445 1310 478 1341 in
508 1310 569 1341 hoc
599 1310 724 1340 interno
754 1308 879 1339 virtutis
909 1308 1018 1339 habitu
1042 1309 1134 1340 sitam
1160 1320 1231 1340 esse

69 1367 252 1404 voluerunt,
283 1366 407 1397 etiamsi
430 1365 558 1407 sapiens
582 1365 729 1396 omnibus
754 1364 931 1396 infortuniis
964 1370 1018 1395 aut
1042 1365 1230 1396 cruciatibus

69 1422 274 1464 impediatur,
305 1421 474 1463 quominus
505 1426 663 1463 operetur.
712 1422 738 1451 A
763 1431 796 1452 re
828 1420 952 1462 publica
981 1421 1065 1452 enim
1095 1416 1230 1451 admini-

71 1478 200 1510 stranda
223 1483 256 1509 et
278 1478 468 1510 commercio
498 1478 590 1519 hujus
613 1477 695 1508 vitae
726 1477 931 1515 recedentes,
961 1476 993 1507 in
1023 1476 1146 1507 abditas
1175 1476 1231 1507 ab-

71 1540 253 1576 strusasque
277 1534 503 1575 intelligentiae
528 1540 562 1565 et
577 1533 777 1575 cogitationis
802 1533 946 1573 regiones
964 1542 998 1563 se
1014 1532 1229 1563 involverunt:

70 1591 135 1628 vel,
166 1597 202 1621 ut
226 1590 364 1631 loquitur
387 1589 554 1629 Horatius,
585 1601 642 1620 sua
663 1600 696 1620 se
727 1589 894 1619 involvunt
921 1588 1054 1626 virtute,
1083 1593 1116 1619 et
1143 1588 1231 1619 illum

70 1646 248 1687 sapientem
280 1645 382 1676 solum
412 1645 545 1676 liberum
570 1646 665 1677 etiam
693 1645 724 1675 in
748 1644 898 1682 vinculis,
930 1644 1095 1685 solumque
1125 1655 1231 1685 regem

71 1707 247 1740 aeternum,
260 1712 325 1732 non
342 1701 506 1732 consulem
522 1701 614 1732 unius
632 1700 705 1732 anni
724 1699 908 1740 (secundum
925 1700 1060 1731 eundem
1078 1702 1232 1741 poetam),

71 1758 317 1800 profitebantur,
357 1758 394 1789 cf.
425 1757 519 1798 Diog.
548 1758 658 1789 Laert.
687 1755 758 1794 VH,
791 1755 1028 1797 §.116-117,
1062 1756 1232 1790 121-125.

71 1815 213 1846 Alteram
238 1814 331 1854 igitur
360 1818 484 1854 partem
512 1824 552 1844 ex
574 1812 765 1844 Aristotelea
787 1811 972 1844 definitione
996 1812 1095 1844 Stoici
1122 1813 1232 1854 (Cyni-

72 1882 126 1902 cos
151 1870 262 1908 secuti)
288 1870 529 1910 decerpserunt:
553 1869 710 1910 Epicurus
734 1868 864 1899 alteram
884 1873 916 1900 et
933 1868 1110 1910 Cyrenaici,
1134 1866 1232 1900 εὔδαι-

72 1925 165 1966 μονίιιν
204 1925 235 1956 in
274 1922 393 1967 εὐτυχίᾳ
433 1931 602 1967 ponentes.
655 1924 844 1956 Aristoteles
883 1935 958 1956 vero
998 1924 1092 1956 ambo
1131 1924 1232 1956 beati-

71 1982 189 2012 tudinis
220 1981 398 2013 necessaria
427 1986 607 2019 momenta,
636 1991 715 2023 quae
737 1986 769 2011 et
793 1985 866 2012 ante
895 1985 929 2012 et
950 1986 1026 2021 post
1048 1980 1152 2020 ipsum
1176 1992 1234 2022 per

72 2037 318 2069 abstractionem
343 2037 465 2069 divulsa
494 2038 638 2075 fuerunt,
671 2036 842 2079 conjungit.
887 2036 938 2067 Ad
970 2036 1231 2077 significationem

73 2093 160 2125 vocis
183 2092 264 2131 &im
288 2093 504 2125 illustrandam
527 2092 670 2125 adhibuit
679 2094 746 2135 jam
762 2092 943 2124 Eustratius
960 2092 1065 2123 locum
1083 2093 1195 2134 Topic.
1210 2093 1233 2130 1,

73 2160 99 2181 c.
128 2150 177 2181 ll.
203 2153 244 2188 (c.
270 2151 305 2188 9,
334 2151 382 2181 ed.
408 2150 538 2191 Buhle):
563 2149 644 2187 θέσις
669 2149 700 2181 ὁέ
723 2149 797 2180 ἐστιν
821 2145 965 2190 ῑῗπέληψις
991 2144 1155 2189 παράδοξος
1180 2149 1229 2179 τῶν
