1439 2342
471 15 476 29 1

475 58 549 86 Libri
569 58 590 86 Ι.
631 59 697 94 Cup.
719 59 743 85 X
765 59 832 93 (xl).
1184 57 1232 92 63

76 167 181 199 tiones
204 166 269 198 sint
290 166 453 199 instabiles
477 172 510 199 et
532 166 602 209 ipsa
621 167 749 199 Solonis
773 166 932 199 sententia
955 165 1067 198 stabile
1083 166 1231 209 quiddam

75 223 108 254 in
133 222 328 254 beatitudine
351 227 497 265 quaerat,
523 224 590 264 jam
622 223 778 264 sequitur,
808 222 1038 255 beatitudinem
1063 222 1141 264 poni
1167 234 1232 255 non

75 289 173 320 posse
207 278 239 310 in
267 279 393 310 fortuna
431 279 584 317 secunda,
621 279 679 310 sed
706 279 738 310 in
768 279 891 310 virtutis
923 278 1118 318 actionibus,
1152 290 1232 322 quae

76 334 206 366 stabiles
229 338 304 366 sunt
327 334 425 365 solae.
447 353 491 357 —
514 332 711 376 μονιμώτεραι)
737 335 934 366 Eustratius:
957 331 1026 377 ῥᾷον
1048 331 1104 375 γάρ
1129 335 1233 368 ἐπιλα-

76 389 190 422 θέσθαι
213 388 262 430 τῆς
283 387 441 431 ἐπιστήμης
465 386 511 420 τᾶν
535 389 560 421 ἐν
584 387 636 431 ἕξει
660 391 709 431 τῆς
732 387 801 421 κατ’
835 387 921 431 αὐτὴν
944 390 1066 431 θεωρίας
1089 389 1233 434 γινέμενον,

75 441 95 488 ἢ
116 445 169 476 τοῦΙ
192 441 286 485 ὀρθῶς
310 442 445 485 πράττειν
466 442 543 476 κατοί
567 442 614 476 τὸν
638 445 696 484 βίον
720 443 766 477 τὸν
791 448 948 477 σπουδαῖον
972 446 1112 485 ἐκπεσεῖν,
1140 447 1234 479 καίτοι

75 497 125 540 τοὶς
149 497 308 543 ἐπιστήμας
326 501 351 532 ἐν
367 503 424 539 τοῖς
448 500 571 540 βεβαίοις
595 499 725 543 μάλιστα
743 499 891 544 τάττομεν.
908 520 947 524 —-
967 499 1074 533 τούτων
1090 499 1113 534 δ’
1131 500 1230 543 αὐτῶν)

74 557 318 599 Paraphrastes,
347 558 547 596 Eustratius,
578 558 684 589 Schol.
708 558 808 589 Paris.
839 568 889 599 ap.
920 558 998 590 Zeu.
1031 559 1070 589 ad
1100 559 1233 591 virtutes

75 613 233 645 referunt:
258 618 364 652 recte;
397 613 533 645 Garvins
558 614 597 644 ad
621 613 779 645 scientias.
825 614 898 645 Jam
920 613 1072 645 virtutum
1094 614 1233 656 ipsarum

75 670 194 711 majore
225 668 395 700 stabilitate
425 680 518 711 quam
551 669 702 701 scientiae
733 670 936 711 gaudentium
960 670 1038 701 aliae
1068 671 1135 701 aliis
1160 676 1235 702 sunt

76 725 270 764 stabiliores3
295 725 450 756 rationem
462 736 588 766 nempe,
602 736 658 756 cur
673 726 828 766 quaedam
843 725 977 756 virtutes
991 726 1054 756 sint
1068 731 1234 766 praestan-

74 781 228 819 tissimae,
252 781 433 812 Eustratius
449 781 497 811 his
514 780 616 812 verbis
633 780 800 822 proponit:
826 777 861 818 ὥς
877 780 926 821 τῆς
948 778 1016 812 κατ’
1043 777 1130 819 αὐτάς
1146 778 1234 813 ἀδια-

73 834 182 869 κόπτου
204 834 335 876 πράξεως
357 832 560 878 ὑπερειόούα-ης
576 833 674 874 αὐτοῖς.
712 836 990 867 Praestantissima
1013 842 1119 868 autem
1135 837 1233 868 virtus

74 898 124 925 est
146 892 381 933 contemplatio·
405 892 562 931 veritatis,
591 892 612 923 i.
637 903 664 923 e.
686 903 723 923 ea
749 891 895 929 scientia,
928 904 1022 934 quam
1045 893 1234 925 Aristoteles

73 947 178 988 σοφίαν
200 954 311 987 vocat3
342 948 566 990 quamobrem,
588 948 614 979 si
641 959 770 979 sensum
794 952 919 989 spectes
926 971 936 986 ,
961 960 979 979 a
1000 959 1077 980 vero
1099 949 1235 981 Garvius

74 1016 139 1036 non
164 1005 334 1036 recessisse
356 1004 490 1036 videtur.
538 1004 587 1035 Cf.
611 1004 809 1042 Ciceronem,
833 1004 884 1035 De
907 1003 1023 1035 finibus
1046 1005 1096 1043 ΙΙΙ,
1123 1005 1173 1038 15.
1191 1024 1235 1028 -

73 1057 244 1102 τιμιώταται
266 1057 314 1091 καὶ
338 1058 543 1102 μονιμώταται)
576 1061 741 1092 Omittunt
763 1059 814 1091 καί
832 1060 908 1098 Par,
932 1060 1114 1099 Bekkerus,
1138 1061 1235 1093 Para-

71 1117 236 1158 phrastes3
251 1117 338 1147 Ven:
355 1113 518 1158 τιμιώτεροι
530 1114 726 1158 μονιμώτεραι.
751 1116 816 1147 Sed
826 1116 858 1146 in
867 1116 1094 1147 commentario
1101 1117 1236 1148 Eustra-

74 1172 152 1211 tius:
177 1169 283 1203 τούτων
308 1168 338 1202 δ”
363 1168 452 1202 αὐτῶν
470 1169 543 1213 φησὶ
565 1171 619 1202 τῶν
637 1169 741 1211 ἀρετῶν
758 1171 787 1202 αἱ
803 1169 968 1213 ‘raptui-repat
984 1169 1032 1202 καὶ
1047 1169 1236 1213 μονιμώτεραι

75 1228 333 1270 Comparativum
360 1228 498 1269 priorem
521 1225 584 1266 Mb,
609 1227 741 1258 alterum
763 1225 820 1265 Kb,
844 1225 899 1265 Lb,
920 1225 973 1258 Mb
996 1232 1136 1259 tuentur.

165 1284 193 1325 ᾧ.
209 1284 262 1316 11.
293 1281 423 1325 μάλιστα
440 1280 566 1321 πάντων)
582 1284 657 1315 Non
675 1283 817 1314 omnium
833 1283 1009 1322 hominum,
1025 1284 1081 1314 sed
1094 1283 1234 1314 omnium

75 1340 236 1372 actionum
249 1339 395 1377 maxime,
404 1339 424 1370 i.
434 1350 461 1370 e.
476 1339 672 1380 saepissime,
685 1344 721 1370 ut
731 1336 778 1370 εἰεί
785 1339 913 1370 indicat.
927 1339 1040 1370 Verte:
1058 1350 1174 1380 semper
1186 1343 1239 1370 ant

71 1397 245 1436 praecipue.
279 1413 316 1418 —
354 1390 389 1433 ὡς
422 1391 535 1435 ἀγαθὸς
568 1391 707 1435 ἀληθῶς)
749 1394 802 1425 Sic
832 1395 912 1432 Ald,
943 1395 1119 1433 Victorius,
1151 1396 1235 1426 Tur-

74 1451 188 1489 nebus,
213 1450 389 1488 Morellius,
413 1450 634 1482 Wilkinsonus
659 1451 727 1481 sine
749 1450 901 1482 varietate
924 1450 1080 1488 codicum,
1104 1450 1233 1481 Zellius.

76 1506 270 1539 Cardwellus
294 1511 327 1538 et
353 1506 518 1538 Bekkerus
542 1517 559 1537 e
583 1506 771 1537 Duvalliana
801 1506 939 1537 editione
970 1511 1236 1546 transposuerunt

76 1559 111 1601 ὡς
136 1559 256 1603 ἀληθῶς
280 1559 393 1602 ἁγαθός
418 1572 587 1601 consensu,
611 1567 647 1593 ut
667 1562 800 1599 videtur,
825 1572 954 1592 suorum
971 1562 1116 1596 codicum
1138 1563 1234 1600 moti3

76 1619 121 1650 sic
143 1619 254 1659 legunt
277 1618 372 1649 etiam
397 1617 466 1656 >ΚΑ,
492 1619 529 1656 Β,
556 1619 593 1657 C,
618 1618 856 1659 paraphrastes,
882 1618 1012 1649 Coraes.
1062 1618 1144 1649 Cum
1166 1618 1234 1659 ple-

76 1675 165 1716 rique
188 1674 316 1706 codices
341 1669 375 1711 ὥς
400 1671 520 1714 ἀληθῶς
545 1670 657 1714 dyas&-
680 1674 797 1714 legant,
821 1673 872 1704 vel
894 1673 938 1704 ita
961 1673 1088 1714 scripsit
1109 1673 1235 1705 Aristo-

75 1731 155 1762 teles
178 1730 228 1761 vel
252 1730 342 1761 fiuxit
362 1729 457 1761 lectio
482 1740 499 1760 e
524 1730 552 1770 ξ.
581 1730 638 1768 13,
670 1734 702 1760 et
725 1729 896 1761 Simonidis
920 1730 1113 1770 fragmento,
1146 1731 1234 1771 cujus

78 1786 269 1818 sententiam
291 1786 412 1817 Noster
435 1786 485 1816 hic
508 1785 662 1826 respexit,
694 1790 726 1816 et
749 1785 840 1817 Plato
863 1785 894 1816 in
918 1786 1093 1827 Protagora
1114 1797 1145 1827 p.
1170 1784 1234 1818 339

79 1844 122 1884 (p-
147 1842 223 1882 205)
248 1842 335 1873 hisce
358 1841 462 1873 verbis
486 1841 578 1872 citat:

515 1922 548 1926 —
569 1905 635 1941 e'z‘ir53ga'
658 1903 753 1941 ἆγαθὲν
772 1909 812 1943 μὲν
831 1906 945 1937 ἀλαθέως

314 1954 436 1979 Γενέσθαι
454 1950 582 1990 χαλεπᾶν,
599 1954 679 1990 χερσί
697 1965 722 1979 τε
739 1956 778 1981 καὶ
797 1956 855 1981 ποσὶ
874 1956 912 1980 καὶ
933 1950 975 1986 νέῳ

388 1996 556 2035 Τετράγωνον,
574 1998 626 2027 ἄνευ
645 1996 721 2035 ψέγει)
740 2002 885 2037 τετυγμένον.

78 2062 144 2094 Sed
159 2066 261 2093 utram
278 2062 446 2093 lectionem
462 2063 658 2103 praetuleris,
682 2068 792 2094 nostro
809 2068 914 2094 tamen
931 2062 1002 2093 loco
1020 2072 1082 2092 non
1100 2058 1135 2100 ὥς
1158 2059 1234 2103 ἅλη-

78 2117 138 2156 35,-
153 2121 255 2157 (vere),
279 2123 315 2149 ut
331 2119 358 2159 ᾗ.
379 2118 430 2157 13,
448 2119 593 2160 conjungi
614 2124 732 2160 potest,
757 2130 828 2150 cum
845 2115 878 2155 ui,-
902 2118 952 2150 hic
976 2117 1090 2149 habeat
1106 2129 1235 2150 sensum
