1439 2342
161 43 236 81 246
451 43 630 70 Commenta.
658 40 692 68 ed
713 40 822 68 Ari-tot.
841 39 930 67 Ethie.
948 38 1054 67 Nicon.

163 170 191 187 κ.
215 168 241 186 τ.
264 158 292 186 λ.
316 154 385 184 Vox
410 149 460 190 ἔτι,
484 161 577 193 quam
594 148 743 182 Coraes
736 160 767 180 m
786 152 908 180 textum
923 147 1055 190 recepit,
1070 148 1161 181 fluxit
1174 159 1192 181 e
1208 147 1317 191 Magn.

165 210 278 242 Moral.
304 208 339 245 ll,
365 209 402 240 7:
428 205 469 238 ἔτι
492 205 522 238 ὸε
546 202 594 237 καὶ
618 196 711 243 αλλως
735 203 854 245 ἐλέγετο,
879 217 922 236 οτι
945 200 996 236 οὐκ
1019 216 1146 245 αριστον.

255 264 282 294 ί
286 263 354 294 AP.
367 262 443 293 ΧΙΙ.
470 262 497 303 ξ.
515 262 542 293 1.
578 261 669 302 (Cap.
683 259 782 298 Xlll.)
811 257 851 302 μὴ
867 273 935 292 ειναι
950 257 1077 302 ἀγαθόν)
1093 271 1136 293 sc.
1144 257 1193 303 τὴν
1211 257 1318 303 ἡδονήν.

165 321 236 352 Hoc
262 319 302 350 acl
321 324 463 350 nostrum
481 322 586 359 caput,
611 316 705 348 verba
723 315 796 358 μηὸὲ
821 313 853 347 τὲ
872 308 988 356 ἄριστον
1010 317 1049 349 ad
1066 327 1202 360 sequens
1225 320 1321 358 caput

166 380 329 418 spectant:
365 375 393 406 ἐκ
418 375 503 405 τῶνδε
529 378 613 411 sunt,
637 383 717 415 quae
744 373 960 413 disputaturus
988 378 1047 404 est.
1072 390 1115 396 —
1150 369 1319 414 ἀκολουθή-

166 435 280 470 σουσιν)
317 430 407 462 Prius
432 426 681 470 ἀκολουθήσουσιν
706 438 768 460 om.
793 428 864 466 Par,
888 429 1046 470 posterius
1069 427 1264 461 ‘Cardwellus
1288 433 1321 460 et

164 488 329 520 Bekkerus
354 486 530 518 secundum
552 485 678 517 codices
702 495 776 516 suos
808 490 942 526 excepto
967 482 1031 516 0¹¹:
1061 480 1321 526 ἀκολουθήσουσιν,

166 539 232 582 ἇῗςτε
264 544 383 575 Coraes
421 540 578 573 asteriscis
609 540 745 572 inclusit.
782 558 847 582 -,
867 540 978 580 φαῦλαι
1010 538 1169 579 δοκοῦσαι)
1223 540 1322 572 Addit

165 598 233 631 εἶναι
257 600 327 637 Par,
353 604 385 630 et
415 598 577 630 Bekkerus
609 597 782 629 secundum
813 607 888 628 suos
920 596 1056 635 codices,
1082 596 1257 629 Cardwello
1281 597 1321 629 de

165 655 211 687 K'n
236 666 299 686 non
327 655 562 692 consentiente3
593 663 685 695 quern
711 652 854 685 codicem
877 652 971 685 etiam
995 652 1024 684 αἱ
1047 651 1094 694 μέν
1118 653 1321 692 Cardwellus‚
1362 647 1365 650 ⁵

166 711 218 753 qui
242 710 345 752 ipsum
372 710 530 752 sequitur,
556 709 702 740 omittere
734 708 822 741 dicit:
847 709 890 747 id,
915 708 999 751 quod
1027 719 1133 740 rursus
1157 709 1321 742 Bekkerus

165 778 229 798 non
254 766 385 797 notavit.
424 783 452 788 -
500 761 578 797 ἀλλά
602 777 671 796 ποτε
698 764 768 804 καί)
805 761 882 797 ἀλλά
915 770 1002 797 verte
1032 768 1253 807 praeterquam,
1286 769 1322 798 ut

166 834 260 864 supra
271 823 310 860 V,
325 834 351 853 c.
370 821 400 853 4.
416 821 515 863 ξ.18,
529 827 561 853 et
573 821 709 863 saepius.
734 821 908 860 Bekkerus,
922 821 1049 853 silentio
1062 821 1190 854 tandem
1209 826 1320 864 rupto:

166 890 228 917 „an
261 878 341 909 forte
371 874 433 910 ἀλλ’
465 870 522 919 ἥὲίί
568 873 683 916 Recte,
720 878 776 909 sed
811 878 1007 916 correctione
1041 888 1105 909 non
1141 887 1221 919 opus
1256 882 1321 916 est;

165 933 268 966 nescit
291 934 374 965 enim
405 934 452 964 vir
480 934 609 972 doctus,
643 944 681 965 ex
707 933 912 965 Aristotelico
943 944 1002 965 usu
1033 930 1112 966 ἀλλά
1134 943 1191 975 pro
1215 929 1279 966 ἄλλ’
1303 927 1323 976 ἤ

165 990 251 1032 poni.
276 1008 320 1013 —
344 987 454 1030 αἱρεταὶ
477 981 546 1029 ὁόὑ)
573 1001 616 1021 sc.
643 985 751 1028 ἁπλῶς.
776 990 947 1031 Aspasius:
973 985 1058 1021 αὑταὶ
1084 988 1115 1022 ὀὶ
1138 986 1207 1023 καθ’
1232 985 1322 1029 αὑτὰς

166 1043 275 1087 αἱρεταὶ
299 1042 348 1077 οὐκ
372 1044 448 1077 εἶσίν.
471 1086 475 1087 ⁷

257 1102 284 1143 ξ.
310 1102 340 1135 2.
388 1101 436 1143 τῆς
459 1098 631 1146 ὑπολίπου)
677 1101 731 1134 Sic
755 1100 816 1140 Mb,
836 1101 1054 1135 Wilkinsonus
1072 1107 1104 1135 et
1120 1102 1237 1135 Zellius
1255 1102 1323 1136 sine

168 1158 318 1190 varietate
344 1158 486 1189 codicum
511 1168 651 1196 suorum,
683 1158 765 1195 Eud,
796 1158 875 1195 Ven,
900 1159 1000 1190 codex
1032 1159 1192 1201 Acciajoli‚
1217 1159 1320 1201 vulgo.

167 1215 280 1246 Verte:
305 1214 363 1245 Est
376 1216 508 1254 operalio
538 1216 570 1245 in
601 1214 813 1254 cupiditatibus
841 1215 962 1246 habitus
984 1218 1013 1246 et
1032 1218 1159 1247 naturae
1181 1226 1248 1247 cum
1271 1215 1322 1247 do-

166 1271 230 1302 lore
251 1271 429 1310 conjunctae,
454 1270 570 1311 qnippe
595 1280 673 1311 quae
697 1271 790 1309 fame,
815 1270 877 1309 siti,
901 1270 1030 1313 aliisque
1055 1271 1227 1303 defectibus
1251 1282 1323 1303 cru-

166 1326 274 1363 cietur,
300 1331 332 1357 et
355 1326 395 1356 ad
419 1325 607 1366 explendam
632 1326 712 1357 hanc
736 1326 957 1358 necessitatem
981 1332 1138 1368 operetur.
1169 1327 1324 1369 Aspasius

167 1393 342 1422 agnoscens
356 1382 448 1412 etiam
463 1381 592 1412 alteram
606 1381 773 1413 lectionem
788 1382 836 1423 τῆς
848 1378 1008 1415 ὑπολοίπου
1021 1383 1121 1426 (quod
1134 1382 1253 1415 habent
1267 1383 1323 1422 H'·‚

166 1437 222 1476 K¹·,
240 1437 297 1476 N'·,
316 1437 518 1476 Cmdwellus,
537 1437 719 1470 Bekkerus:
752 1437 900 1471 ἐπιλοίπου
925 1437 979 1477 L¹·,
997 1439 1070 1478 0²),
1088 1440 1200 1472 eodem
1218 1445 1324 1472 tamen

166 1494 262 1526 modo
281 1500 313 1525 et
329 1494 429 1536 ipsam
446 1494 596 1525 illustrat:
616 1493 663 1536 τῆς
679 1494 884 1537 λοιπαζομένης
901 1491 1012 1535 φύσεως
1028 1493 1069 1527 καὶ
1086 1495 1110 1527 ἐν
1127 1494 1214 1539 ἐνδείᾳ
1239 1489 1324 1539 οὔσης

166 1547 344 1591 βρωμάτων,
377 1550 522 1581 molestia
546 1546 737 1590 (ὑπολύπου)
770 1551 852 1582 enim
883 1552 1110 1594 consequentia
1133 1552 1325 1594 indigentiae

167 1601 354 1646 (ὑπολοίπου)
374 1611 432 1638 est.
454 1602 635 1639 Ὕπολοίπου
652 1607 701 1638 vel
719 1606 867 1640 ἐπιλοίπου
882 1608 1107 1650 paraphrastes
1133 1619 1256 1651 quoque
1278 1609 1324 1641 le-

167 1662 250 1703 gisse
274 1662 414 1693 videtur:
440 1660 457 1704 r]
483 1661 512 1693 ὁὲ
538 1662 655 1703 ἐνέργεια
681 1660 728 1705 τὴν
753 1662 937 1696 ἐλλείπουσαν
962 1661 1015 1706 ἕξιν
1038 1661 1207 1707 ἀναπληροῖ.
1241 1665 1322 1698 Cum

167 1724 272 1750 tamen
298 1718 361 1749 sint
385 1720 436 1760 qui
462 1720 578 1757 dicant,
595 1715 740 1759 ὑπέλυπος
758 1731 821 1752 non
842 1731 913 1752 esse
936 1731 1045 1752 vocem
1072 1721 1226 1753 Graecam
1251 1721 1324 1760 (ob-

167 1773 216 1805 via
239 1779 345 1805 tamen
371 1780 420 1805 est
444 1780 475 1806 et
499 1775 529 1805 in
554 1776 738 1815 Eudemus)
770 1782 801 1808 et
823 1772 980 1815 ὑπόλοιπος
1003 1782 1126 1809 tantum
1150 1778 1325 1819 significare

166 1833 285 1862 restans
317 1831 421 1872 (quare
454 1830 572 1863 Coraes
604 1838 635 1863 et
667 1832 815 1864 ἐπιλοίπου
846 1834 1084 1875 praeferendum
1108 1837 1258 1874 censet):
1292 1835 1324 1874 ii,

168 1897 261 1928 quam
285 1891 317 1917 et
341 1887 409 1928 ipse
440 1887 559 1928 probo,
589 1888 717 1919 Victorii
741 1889 982 1931 explicationem
1013 1890 1248 1932 amplexantor,
1273 1891 1324 1934 qui

168 1948 296 1974 auctore
329 1943 528 1984 Argyropylo
561 1943 646 1981 dicit,
677 1945 813 1977 exerceri
843 1946 1040 1988 voluptatem
1065 1945 1148 1986 (ἔστι
1172 1942 1226 1990 δ’ἡ
1249 1947 1324 1988 ἐνέρ-

167 1999 254 2039 γεια)
281 1999 334 2037 „in
361 1999 583 2040 cupiditatibus
610 2000 773 2041 explendis
800 2001 1074 2046 instaurandisque
1098 2003 1222 2036 habitus
1246 2004 1324 2047 ejus,

169 2055 199 2085 in
225 2066 287 2096 quo
312 2055 478 2097 vestigium
503 2056 635 2088 restabat
662 2056 786 2088 habitus
810 2058 894 2099 pleni
925 2070 961 2091 ac
985 2062 1149 2092 naturae.“
1194 2060 1322 2092 Etenim

167 2109 219 2143 siti
244 2115 277 2142 et
298 2111 378 2143 fame
403 2111 519 2155 impelli
545 2122 675 2155 prorsus
697 2123 760 2145 non
778 2124 946 2157 possemus
970 2115 1009 2148 ad
1033 2106 1218 2159 explendam
1242 2115 1324 2149 hanc
