1439 2342
151 42 225 79 320
426 41 605 72 Comi-nentur.
628 45 660 71 nd
683 44 792 72 Aristot.
814 43 899 72 Ethic.
922 43 1026 71 Nicom.

153 166 213 188 vox
237 153 352 191 οἴονται,
376 152 534 184 simillima
557 153 588 184 in
614 153 772 184 sententia
795 157 922 184 exstans
947 153 1027 184 infra
1048 163 1074 184 c.
1093 153 1123 190 7,
1141 151 1169 194 ἐ.
1186 152 1217 192 4,
1234 161 1306 184 sua-

153 213 208 244 det
233 212 338 249 etiam,
362 214 398 241 ut
421 214 561 240 nostram
587 209 757 241 lectionem
782 220 954 240 servemus.

241 268 268 308 §.
297 266 346 298 14.
393 263 508 305 αἱρεταί
524 267 606 303 τινες)
631 277 698 303 τινες
721 264 836 305 αἱρεταί
855 265 925 304 Par,
951 264 1143 298 Cardwellus
1169 269 1200 297 et
1223 264 1306 297 Bek-

153 324 246 354 kerus
271 334 309 355 ex
334 332 492 354 consensu
516 321 662 353 codicum
693 332 832 353 suorum.
859 339 897 344 —-
925 321 965 362 τῷ
997 318 1051 360 ἀφ’
1083 315 1140 362 ὧν)
1173 321 1214 362 τῷ
1244 331 1306 352 om.

152 379 231 417 Ald,
258 380 342 416 Ven,
368 378 429 409 Par
453 377 682 419 (superscripto
707 382 814 409 tamen
839 379 920 415 τοῖς),
945 376 1108 408 Bekkerus
1133 376 1307 408 secundum

153 434 278 466 codices
304 444 378 465 suos
404 438 537 473 excepto
562 432 618 471 Kb,
644 444 736 475 quem
755 433 857 475 priore
874 444 969 464 manu
993 434 1040 464 δεῖ
1059 429 1112 472 ἀφ’
1137 429 1229 464 αὐτῶν
1253 443 1307 464 ex·-

153 490 260 522 hibere
284 490 369 528 dicit,
395 500 465 521 cum
492 489 684 521 Cardwellus
713 489 807 521 tacite
836 490 994 531 vulgatam
1026 489 1170 521 ediderit.
1226 489 1307 521 Sen-

156 557 224 577 sum
251 545 477 587 paraphrastes
503 546 623 586 optime
647 546 818 587 expressit:
844 541 938 587 ἦταῒς
955 544 1066 583 αἰτίαις,
1090 539 1156 578 ἕθεν
1178 544 1306 586 γίνονται.

242 601 342 632 CAP.
358 601 414 631 ΙΥ.
441 601 468 641 ξ.
485 602 513 632 1.
538 601 633 642 (Cap.
648 600 713 639 ΙΙΙ.)
737 597 888 642 ἕντιναοῧν)
903 597 1017 633 ὁντινοῦν
1030 602 1117 640 Vrat,
1130 602 1209 639 Ven,
1224 601 1306 633 Bek-

153 658 257 690 kerus.
271 676 314 680 —
326 654 373 688 καὶ
387 657 452 687 κατ’
467 652 579 696 οὐδένα)
596 658 682 689 Haec
698 662 730 689 et
748 658 912 700 sequentia
925 657 1042 689 omittit
1054 656 1100 689 Nb
1121 669 1219 700 usque
1239 653 1308 698 8ἀὴ

153 713 245 746 τελεία
270 710 305 755 δὴ
329 709 489 755 εὖὸαιμονιά
514 717 557 751 (c.
583 714 613 751 7,
638 713 664 754 ᾧ.
691 714 737 754 7).

242 770 268 811 ᾧ.
293 770 323 802 2.
371 764 388 810 ἦ
412 769 437 800 ἐν
462 763 567 800 ἅπαντι
591 765 626 810 δὴ
657 770 697 810 τῷ
720 767 816 810 χρόνῳ
850 766 956 811 τούτῳ)
981 769 1033 801 Sic
1062 769 1117 801 *A
1148 767 1225 810 (Ll’)
1256 780 1307 801 se-

153 825 289 857 cundum
321 824 500 856 Bekkerum
532 825 721 863 (secundum
754 826 912 857 Millerum
945 818 963 867 ἦ
993 831 1065 857 ante
1095 823 1215 867 τεύτῳ),
1244 824 1307 865 Μ”,

153 882 225 918 Ald,
251 882 336 920 Ven;
362 882 436 912 item
460 881 521 912 Par
546 886 577 912 et
602 879 658 918 Ob,
683 881 742 912 nisi
767 882 852 923 quod
877 878 913 922 δή
942 887 1017 923 post
1046 879 1142 923 χρόνῳ
1173 887 1306 923 ponunt,

153 949 232 980 quae
256 938 417 979 particula,
442 937 541 978 ipsius
566 937 695 968 forsitan
718 937 896 969 Aristotelis
922 949 1015 969 manu
1040 939 1081 969 ita
1106 937 1306 980 transposita,

153 995 261 1036 genuit
283 996 418 1036 reliquas
442 995 612 1026 lectiones:
643 994 901 1026 Cardwellianam
932 999 964 1026 et
988 994 1216 1026 Bekkerianam
1240 988 1259 1036 ἢ
1282 994 1307 1025 ἐν

153 1045 259 1082 ἅπαντι
283 1046 318 1092 δὴ
342 1052 382 1092 τῷ
405 1048 500 1092 χρόνῳ
525 1046 543 1091 ἢ
565 1048 659 1092 τούτῳ
683 1052 713 1082 in
740 1051 776 1089 B,
803 1051 840 1090 C,
866 1051 915 1088 El,
941 1050 1038 1088 CCC,
1063 1051 1151 1088 Vrat,
1176 1050 1231 1088 H³,
1249 1048 1305 1089 Kb,

151 1105 208 1146 ΝΒ,
233 1106 293 1138 nisi
316 1107 399 1148 quod
426 1106 452 1139 C
480 1103 597 1148 ’τοιούτῳ
622 1118 679 1148 pro
697 1103 789 1148 τεύτῳ
808 1107 893 1148 legit,
920 1113 951 1138 et
967 1105 1012 1138 K¹¹
1030 1107 1203 1138 secundum
1220 1106 1304 1139 Bek-

151 1163 260 1195 kerum
285 1159 322 1203 δή
346 1162 479 1201 omittit3
506 1163 662 1204 vulgatam
687 1158 706 1204 ἢ
729 1163 754 1194 ἐν
771 1158 874 1194 ἅπαντι
891 1159 926 1203 δὴ
952 1161 992 1203 τῷ
1013 1159 1109 1204 χρόνῳ
1126 1157 1144 1204 ἢ
1159 1162 1184 1194 ἐν
1200 1159 1303 1204 τούτῳ,

151 1230 244 1261 quam
269 1218 355 1250 solus
379 1218 440 1250 NC
464 1223 579 1250 tuetur.
629 1218 744 1250 Omnis
768 1218 873 1256 lectio,
899 1229 977 1260 quae
1003 1230 1020 1249 a
1044 1225 1152 1250 nostra
1175 1218 1304 1257 recedit,

151 1286 248 1307 sensu
272 1274 358 1305 omni
382 1285 486 1306 carere
510 1274 643 1306 videtur.
681 1275 800 1306 Sensus
826 1280 888 1305 est:
914 1274 995 1306 Cum
1015 1274 1160 1316 voluptas
1177 1275 1207 1305 in
1224 1285 1304 1306 uno-

151 1341 276 1374 quoque
300 1330 452 1372 temporis
477 1335 596 1372 puncto
621 1332 759 1371 perfecta
783 1330 841 1368 sit,
867 1330 1054 1368 aedificatio,
1080 1331 1132 1372 qui
1163 1336 1212 1362 est
1236 1340 1306 1361 mo=

150 1393 201 1418 tus
226 1386 367 1428 pluribus
391 1386 545 1427 temporis
570 1386 739 1417 momentis
764 1386 906 1428 indigens
932 1386 970 1417 ad
1003 1386 1140 1428 singulas
1173 1386 1306 1418 aedificii

150 1449 255 1486 partes
280 1442 502 1484 perficiendas,
534 1443 672 1483 perfecta
703 1443 828 1474 demum
861 1449 911 1474 est
940 1445 971 1474 in
1001 1445 1056 1473 toto
1086 1443 1137 1474 illo
1167 1445 1305 1483 tempore,

151 1510 213 1541 quo
249 1498 488 1536 aedificabatur,
525 1498 555 1528 in
596 1498 738 1539 partibus
780 1504 884 1530 autern
921 1498 1074 1540 temporis
1110 1498 1304 1539 imperfecta.

150 1556 244 1586 Refer
267 1554 359 1595 igitur
383 1551 475 1595 τούτῳ
502 1554 541 1585 ad
566 1548 632 1585 ’ὅταν
657 1552 775 1598 ποιήσῃ,
807 1555 895 1596 quasi
926 1555 1044 1586 Noster
1074 1555 1235 1595 scripserit
1264 1554 1305 1596 τῷ

150 1607 245 1651 χρόνῳ
275 1609 326 1641 τοῦ
358 1610 476 1651 ποι-’ἧσαι
508 1610 556 1640 vel
588 1609 792 1652 οἱκοὸομῆσαιτ
825 1616 857 1642 et
887 1602 919 1651 ἦ,
951 1617 985 1641 ut
1016 1611 1192 1642 sexcenties
1221 1611 1306 1651 apud

150 1667 367 1703 Aristotelem,
393 1677 456 1696 non
482 1666 640 1707 disjungit,
667 1667 721 1698 sed
739 1666 875 1707 explicat
898 1666 974 1696 illud
998 1666 1100 1707 ipsum
1127 1660 1203 1697 ὅταν.
1241 1666 1305 1698 Qui

153 1715 406 1764 Zdisjunctivum
421 1733 491 1753 esse
512 1722 690 1760 voluerunt,
716 1723 846 1753 alterum
872 1715 888 1763 ἦ
913 1727 988 1763 post
1002 1719 1098 1763 χρόνῳ
1122 1722 1152 1753 in
1177 1727 1227 1753 tot
1249 1733 1303 1754 co-

151 1779 255 1809 dicum
282 1783 314 1809 et
338 1778 510 1809 editionum
536 1783 656 1808 textum
682 1778 886 1810 intruserunt.
924 1778 988 1810 Sed
1014 1778 1087 1819 quid
1113 1777 1170 1808 sibi
1195 1778 1307 1809 volunt.

150 1835 210 1866 hoc
239 1834 309 1866 loco
339 1833 502 1875 opposita:
534 1837 587 1864 aut
615 1836 645 1865 in
676 1838 731 1866 tolo
759 1838 902 1875 tempore,
933 1837 985 1866 aut
1011 1835 1042 1866 in
1065 1835 1142 1865 hoc?
1166 1833 1247 1865 Cum
1271 1835 1304 1865 in

150 1893 203 1922 hoc
228 1891 269 1921 sit
298 1896 424 1931 tempus
456 1890 620 1921 definitum
649 1890 894 1928 aedificationis,
925 1892 956 1922 in
986 1893 1042 1921 tolo
1071 1893 1198 1930 tempore
1228 1889 1304 1920 nihil

150 1947 210 1978 nisi
235 1947 390 1978 infinitum
416 1952 540 1988 tempus
566 1946 729 1987 designare
758 1952 881 1988 potest;
906 1945 990 1988 quod
1015 1957 1108 1988 quam
1132 1945 1302 1977 absurdum

150 2002 192 2034 sit
214 2013 308 2034 nemo
333 2014 396 2033 non
420 2002 523 2040 videt,
548 2002 578 2033 in
603 2001 726 2033 infinito
757 2003 839 2034 enim
859 2008 1002 2043 tempore
1025 2013 1087 2034 non
1109 2001 1301 2034 aedificatur.

150 2058 285 2089 Garvius
318 2059 474 2100 vulgatam
505 2058 613 2090 vertit:
646 2059 692 2090 Es
721 2070 789 2100 may
818 2070 879 2090 nun
908 2060 1005 2090 dieses
1028 2060 1060 2091 in
1088 2059 1198 2100 iryend
1218 2060 1302 2090 einer

149 2114 224 2154 Zeu,
248 2115 320 2146 oder
343 2116 374 2146 in
397 2117 481 2147 einer
500 2116 649 2156 yewiesen
672 2115 851 2147 bestimmten
877 2116 1050 2156 yeschehen.
1104 2115 1195 2147 Tunc
1225 2123 1300 2146 vero
