1444 2322
560 4 684 30 editionis
706 4 808 38 prioris.
1215 5 1276 30 xnl

124 111 156 136 et
186 103 452 136 accuratissimum
490 103 612 144 linguae
648 103 787 134 studium
823 102 1042 144 philosophiae
1080 103 1278 133 serviendum

124 164 308 206 putaverim.
361 163 567 205 philologiam
602 169 708 195 autem
746 164 817 196 ideo
850 163 1060 195 adhibendam
1092 164 1217 202 censui,
1249 170 1280 195 ct

123 226 274 258 latissime
299 235 426 257 manare
450 235 562 266 passus
588 236 670 263 sum,
696 236 734 256 ne
759 226 811 266 qui
834 225 909 256 mihi
933 225 1121 266 exprobrare
1144 227 1278 266 possint,

123 288 248 329 linguae
272 287 413 319 Graecae
436 286 612 327 ignorantia
636 297 766 317 sensum
796 286 975 328 philosophi
1004 299 1021 317 a
1044 298 1094 318 me
1119 287 1278 318 turbatum

124 349 236 386 fuisse,
267 359 339 379 cum
366 351 473 380 tamen
505 347 574 378 illos
605 348 710 388 ipsos,
746 358 842 379 sensu
866 348 1045 389 philosophi
1068 349 1279 389 grammaticis

123 410 296 442 rationibus
322 408 517 450 posthabito,
543 420 582 440 ne
604 410 843 450 grammaticum
868 410 993 450 quidem
1020 421 1146 440 sensum
1173 410 1279 441 multis

124 472 199 503 locis
230 471 422 502 intellexisse
453 476 620 511 appareat3
652 471 730 502 alter
759 470 842 502 enim
875 470 913 501 ab
944 470 1041 500 altero
1072 471 1190 512 sejungi
1216 483 1277 501 non

123 539 240 574 potest.
294 533 362 564 Nec
392 543 466 563 vero
498 532 664 574 philologis
700 532 844 563 sufficere
875 532 971 563 debet
1006 533 1042 562 ad
1075 532 1278 563 Aristotelem

122 594 394 635 interpretandum
420 593 651 634 philosophiam
678 593 867 634 primoribus
885 593 978 624 labris
1003 594 1198 634 degustasse,
1224 595 1278 625 sed

121 655 312 697 philosopho
338 666 418 695 opus
443 660 503 692 est,
528 655 579 696 qui
608 655 797 696 philologiae
818 666 944 696 quoque
968 665 1024 695 pcr
1052 660 1150 685 totam
1185 655 1278 685 vitam

122 717 308 754 incubuerit,
334 717 398 748 sive
423 716 545 757 privato
570 717 706 758 quodam
731 717 835 747 studio
860 717 925 747 sive
949 716 1074 757 publico
1106 717 1184 747 fuleo
1209 717 1277 746 ofri-

122 778 182 815 cio,
207 789 274 816 scu,
299 778 385 819 quod
410 777 485 808 mihi
509 778 626 815 evenit,
650 782 785 819 utroque
809 778 948 808 adactus.

210 841 310 880 Hujus
335 839 577 881 conjunctioniS,
604 851 665 880 qua
689 840 816 871 demum
840 850 932 871 verus
958 839 1136 871 Aristotelis
1168 850 1279 870 sensus

122 901 282 942 explanari
307 901 435 942 poterit,
459 901 639 942 exemplum
664 901 800 942 prodere
822 900 916 932 volui.
974 900 1050 931 lllud
1080 900 1199 931 utinam
1230 912 1279 932 sc-

123 969 259 1004 quantur
282 963 346 993 alii!
371 963 455 993 Nam
480 968 606 1003 praeter
628 962 873 993 commentarios
898 962 928 992 in
953 961 1094 992 Platonis
1118 962 1281 994 Parmeni-

123 1025 194 1056 (lem
218 1024 269 1062 (in
302 1024 495 1065 praefatione
526 1023 639 1064 prioris
670 1023 837 1055 voluminis
865 1034 895 1064 p.
921 1023 963 1054 Xl
991 1023 1063 1053 ideo
1096 1023 1279 1063 promissos,

124 1093 158 1117 ut
181 1091 212 1117 et
237 1086 367 1117 alterum
393 1086 588 1116 Graecorum
614 1096 770 1115 summum
795 1085 891 1116 decus
915 1096 932 1115 a
964 1095 1014 1115 me
1038 1084 1224 1122 illustretur)
1250 1090 1283 1115 et

122 1147 362 1179 translationem
394 1146 617 1178 Germanicam
648 1152 829 1177 nostrorum
858 1145 1043 1176 Ethicorum
1073 1155 1126 1179 (eo
1150 1146 1280 1176 consilio

123 1208 400 1246 conscribendam,
431 1213 467 1239 ut
495 1208 646 1249 probem,
678 1207 792 1238 librum
823 1218 910 1246 esse,
941 1207 994 1248 qui
1016 1217 1079 1237 non
1104 1212 1280 1238 transactae

124 1271 226 1302 solum
250 1270 422 1302 memoriae
445 1270 577 1311 vestigia
593 1269 766 1307 contineat,
790 1269 846 1300 sed
869 1280 907 1300 ex
924 1279 987 1310 quo
1005 1275 1164 1300 nostrates
1185 1270 1278 1300 etiam

123 1332 266 1363 homines
275 1332 355 1363 bene
365 1331 478 1373 agendi
490 1331 739 1372 praeclarissima
756 1336 924 1371 praecepta
938 1331 1063 1371 possint
1080 1330 1281 1368 haurire),ni-

123 1394 166 1425 hil
178 1394 209 1424 in
234 1393 403 1434 praesenti,
428 1393 512 1434 quod
529 1393 568 1422 ad
588 1393 648 1423 hoc
658 1393 818 1423 literarum
841 1403 940 1433 genus
966 1392 1112 1432 pertinet.
1139 1392 1279 1432 publicae

123 1455 184 1486 luci
207 1465 366 1496 exponere
390 1454 421 1485 in
446 1454 551 1485 animo
576 1454 652 1485 mihi
677 1459 736 1486 est.
782 1453 840 1485 His
864 1458 970 1484 tamen
995 1454 1072 1494 ipsis
1097 1453 1162 1484 otio
1186 1465 1280 1494 sepo-

123 1516 202 1554 sitis,
228 1527 321 1557 quam
356 1515 516 1547 celerrime
545 1521 668 1556 potero,
698 1526 750 1546 me
780 1516 818 1546 ad
849 1515 1005 1546 edendum
1034 1515 1161 1546 tertium
1191 1515 1281 1545 volu—

125 1589 196 1608 men
219 1578 461 1618 Hegelianarum
484 1577 523 1608 de
548 1577 678 1608 historia
704 1576 922 1617 philosophiae
952 1577 1198 1617 praelectionum
1217 1576 1282 1617 jani

124 1644 325 1677 convertam,
356 1650 434 1680 quas
472 1643 622 1680 sequetur
658 1637 754 1669 editio
793 1638 1039 1678 praelectionum
1078 1638 1116 1668 (le
1152 1637 1282 1668 historia

124 1700 343 1741 philosophiae
373 1699 609 1731 recentissimae
639 1700 721 1740 apud
754 1699 932 1730 Germanos
963 1711 981 1730 a
1012 1710 1062 1730 me
1093 1699 1163 1740 ipso
1191 1699 1283 1730 habi-

124 1768 236 1794 tarum.
744 1803 746 1806 y

212 1823 324 1855 Finem
354 1822 542 1863 praefationi
572 1822 775 1864 impositurus
802 1822 903 1853 facere
931 1833 996 1853 non
1028 1833 1178 1863 possum,
1209 1822 1282 1862 quin

125 1885 191 1916 viro
222 1883 407 1915 doctissimo
437 1884 473 1914 F.
507 1884 548 1915 G.
578 1885 658 1925 Aug.
691 1883 862 1915 Mullachio
892 1883 1116 1924 Philosophiae
1139 1882 1283 1919 Doctori,

126 1957 262 1989 quocum
291 1946 433 1987 plagulas
464 1946 502 1976 ab
533 1956 699 1986 operarum
733 1956 828 1976 manu
864 1950 1008 1977 recentes
1045 1943 1282 1981 communicavi,

126 2009 240 2049 gratias
265 2018 353 2048 agam
378 2018 470 2049 quam
494 2006 656 2038 maximas.
703 2007 748 2038 lta
776 2006 858 2038 enim
895 2006 1130 2048 typothetarum
1161 2015 1283 2036 errores
