1439 2342
424 94 495 121 Libri
516 95 548 121 11.
593 97 655 130 cap.
681 96 716 121 ιν
739 96 807 128 (111).
1151 96 1196 130 81

128 203 156 243 ᾧ.
176 203 226 235 10.
261 201 399 243 καθάπερ
424 202 522 243 φησίν)
547 203 618 235 Hoc
640 208 764 235 tantum
788 204 828 235 ad
852 204 939 245 θυμῷ
962 204 1109 245 pertinet,
1133 216 1198 236 non

39 257 78 289 ad
103 253 199 301 ἡδονῇ.
246 258 294 290 Cf.
319 258 394 290 Eth.
418 258 501 289 Eud.
527 258 570 297 Π,
597 260 632 290 7:
664 256 734 290 ἔοικε
766 259 797 290 δὲ
829 257 877 290 καὶ
895 255 1080 298 Ἡράκλειτος
1114 260 1199 301 λέγειν

37 312 73 351 εἷς
95 310 142 354 τὴν
165 309 249 354 ἶσχῦν
272 312 324 344 τοῧ
346 313 442 355 θυμοῦ
465 313 587 353 βλέψας,
613 309 656 345 ἔτι
679 312 796 355 λυπηροὶ
818 311 971 355 ἡκώλυσ-ις
995 312 1093 346 αὐτοῦ·
1116 329 1199 357 „xci-

37 366 122 402 λεπόν
144 365 232 409 γάρ,“
261 373 351 410 φησι,
376 369 483 410 »θυμῷ
505 366 672 411 μάχεσθαι·
703 370 800 411 ψυχῆς
824 367 879 411 γάρ
905 367 1043 402 ὥνεῒται.“
1091 372 1199 410 (Polit.

37 425 81 464 V,
106 424 142 456 11
170 424 210 455 ad
234 424 304 465 fin.)
352 424 461 466 Itaque
483 425 673 457 Aristoteles
705 425 765 457 hoc
788 425 907 457 dictum
938 426 977 457 ad
1009 437 1098 458 suam
1126 439 1199 460 sen-

37 480 168 512 tentiam
182 480 443 512 accommodavit.
473 481 642 513 Difficilius
660 486 766 512 autem
783 487 833 512 est
847 481 1012 523 voluptati,
1027 493 1121 524 quam
1135 484 1199 515 irae

36 546 226 578 repugnare,
251 536 323 578 quia
345 536 508 578 voluptas,
534 542 570 569 ut
593 536 685 568 nobis
711 537 895 579 congenita,
924 537 1050 578 penitus
1074 538 1105 570 in
1130 550 1198 571 me-

37 592 128 624 dullis
151 597 185 624 et
207 591 379 623 visceribus
402 592 530 632 haeret,
562 593 606 624 ira
630 598 760 624 externa
784 604 909 634 semper
933 604 1028 625 causa
1052 594 1082 624 in
1108 594 1200 626 nobis

37 648 206 687 excitatur3
237 648 393 679 difficilius
424 648 508 680 enim
533 654 584 680 est
608 660 625 680 a
649 649 825 680 domestico
857 649 1002 687 inimico,
1034 661 1127 691 quam
1161 650 1200 681 ab

36 704 129 736 hoste
152 708 283 736 externo
307 714 427 735 cavere.
450 723 491 729 —-
517 702 580 744 περὶ
605 704 635 735 ὁὲ
660 702 692 735 τὸ
717 703 931 745 χαλεπώτερον)
953 706 1198 746 paraphrastes:

36 756 106 800 πρὸς
139 757 194 800 γάρ
226 757 263 790 mi
292 756 381 801 ῥειίὰια
418 757 535 801 οὐδεμία
564 759 650 800 χρεία
687 759 876 800 πολυχρονίου
912 758 995 798 ἕὲους
1025 756 1043 801 ἢ
1072 759 1200 802 μεὲέὸωι

36 815 174 857 τεχνικῆς.
201 833 239 839 -·
266 815 290 846 ἐν
315 812 419 856 τούτῳ)
446 827 490 847 sc.
516 815 556 856 τῷ
579 815 796 856 χαλεπωτέρῳ
819 817 945 847 Bonum
969 816 1000 846 in
1025 816 1200 848 difficiliore

37 876 86 903 est
108 870 339 912 praestabilius.
364 888 408 892 —
438 867 543 914 ἀρετῇ)
576 867 669 915 {Sc-2:371
692 871 771 909 Nc,
796 872 874 911 Par,
899 870 968 909 Mb,
993 872 1071 909 Ald,
1103 878 1135 904 et
1158 884 1199 904 rc.

36 925 99 960 Lb:
125 926 246 958 Coraes
270 927 302 958 in
326 932 448 958 textum
472 927 609 968 recepit3
635 928 703 958 Ven
728 927 753 958 ἐν
776 924 877 971 ἠὲωιῇ.

127 983 154 1024 ξ.
187 983 240 1015 11.
286 983 416 1024 Repetit
445 982 599 1019 breviter,
635 994 714 1024 quae
744 983 844 1014 tribus
874 983 982 1024 primis
1012 984 1103 1025 hujus
1133 983 1201 1015 libri

37 1038 193 1080 capitibus
216 1038 408 1080 exposuerit.

127 1093 226 1125 CAP.
258 1094 316 1124 IV.
365 1094 393 1136 ᾧ.
422 1095 448 1125 1.
497 1094 588 1135 (Cap.
622 1094 684 1134 III.)
732 1091 897 1135 ἆπσρήσειε)
925 1094 1092 1127 Dubitatio
1123 1096 1201 1127 haec

36 1156 104 1182 tum
129 1156 251 1182 tantum
277 1155 399 1188 exstat,
432 1161 503 1181 cum
521 1150 609 1191 justa
634 1161 726 1192 agere
750 1155 782 1181 et
799 1151 887 1192 juste
911 1161 1003 1192 agere
1034 1151 1117 1182 idem
1142 1156 1200 1183 est.

37 1205 144 1248 Itaque
168 1206 208 1237 ad
232 1206 415 1237 solvendam
448 1205 665 1237 difficultatem
690 1206 721 1236 in
748 1206 796 1247 §§.
821 1217 889 1248 sqq.
915 1206 1115 1247 expositurus
1141 1212 1200 1245 est,

37 1262 196 1304 quomodo
220 1262 353 1293 alterum
378 1261 416 1292 ab
441 1262 539 1293 altero
564 1261 687 1293 differat
712 1262 762 1302 (cf.
786 1262 857 1292 infr.
882 1262 921 1300 V,
946 1273 972 1293 c.
999 1261 1036 1300 6,
1062 1263 1090 1303 ᾧ.
1117 1262 1201 1301 1-2).

38 1318 165 1351 Scilicet
181 1318 323 1359 operatio
344 1322 376 1348 et
392 1315 518 1348 habitus
537 1317 660 1348 virtutis
680 1318 815 1348 invicem
839 1328 874 1349 se
891 1323 1053 1359 generant.
1094 1318 1202 1350 Quare

38 1385 119 1413 cum,
142 1373 326 1415 priusquam
345 1372 487 1404 habitum
507 1373 739 1414 possideamus,
764 1384 828 1404 non
847 1384 885 1404 ex
904 1373 1087 1414 nobisipsis
1112 1384 1202 1414 agere

4 1446 7 1451 ·
37 1430 214 1472 possimus,
245 1429 306 1460 alio
330 1428 467 1469 primum
486 1429 622 1470 jubente
649 1434 681 1460 et
705 1429 859 1460 educante
878 1429 967 1470 justa
991 1439 1082 1470 agere
1105 1428 1202 1460 debe-

38 1497 126 1524 mus,
151 1486 253 1517 donec
276 1484 429 1525 repetitae
453 1485 654 1525 operationes
679 1483 793 1515 abeant
816 1484 847 1514 in
875 1483 1016 1514 habitum
1040 1484 1202 1515 educatio-

39 1542 149 1584 nisque
173 1551 235 1582 ope
259 1551 324 1572 non
349 1539 484 1580 amplius
508 1539 715 1581 indigeamus,
742 1539 798 1570 sed
824 1544 856 1570 et
873 1540 960 1580 juste
986 1550 1124 1580 agamus.

129 1598 156 1639 ξ.
181 1597 212 1630 2.
249 1597 273 1627 ἐν
298 1592 391 1636 αὐτῷ)
423 1595 448 1626 ἐν
473 1591 552 1635 αὑτῷ
576 1595 740 1626 Bekkerus
770 1595 837 1626 sine
866 1594 1018 1626 varietate
1047 1594 1202 1632 lectionis,

39 1654 125 1692 Ven3
150 1653 211 1684 Par
233 1652 316 1683 inter
339 1651 450 1682 lineas.

129 1709 157 1750 ξ.
183 1708 212 1740 3.
260 1706 310 1738 ἐπί
336 1709 382 1745 τε)
416 1717 478 1737 om.
505 1719 534 1737 τε
559 1705 741 1744 Bekkerus,
774 1707 860 1745 Ven3
885 1706 929 1737 ita
952 1711 987 1737 ut
1009 1705 1061 1736 καί
1089 1705 1204 1736 habeat

42 1775 169 1798 sensum
199 1774 287 1805 quam
321 1767 395 1804 post
426 1757 529 1803 ἕμοισν.
583 1762 636 1794 Sic
667 1762 841 1803 Aspasius:
884 1759 941 1802 οὐχ
979 1757 1078 1803 ὁμοίως
1119 1759 1204 1801 φησὶν

43 1818 114 1861 ἔχειν
150 1817 187 1850 m*
221 1815 298 1850 κατεῖ
329 1815 380 1856 τοῖς
417 1817 517 1857 τέχνας
552 1820 611 1855 ταῖς
648 1814 769 1857 ἀρεταῖς.
802 1836 844 1840 -
881 1817 905 1848 ἐν
939 1817 1064 1856 {avi-effi)
1102 1817 1205 1857 Saepe

41 1876 230 1908 Aristoteles
255 1879 375 1912 monet,
401 1884 500 1914 opera
523 1873 562 1904 ab
579 1873 697 1905 artibus
722 1873 876 1915 producta
900 1873 932 1904 in
957 1884 990 1904 se
1014 1873 1092 1914 ipsis
1110 1873 1206 1903 finem

66 1932 158 1964 abere
186 1931 352 1968 ultimum,
389 1940 453 1960 non
485 1930 516 1960 in
549 1929 714 1961 affectione
743 1928 882 1970 agentis;
915 1929 999 1970 quod
1030 1929 1062 1959 in
1091 1928 1206 1958 virtute

45 1993 155 2020 eontra
186 1987 309 2018 accidit.
338 2003 374 2009 -
411 1982 461 2024 ταῖς,
494 1978 584 2023 ἄλλοις
614 1985 725 2026 τέχνας)
761 1985 907 2016 Muretus
940 1984 980 2015 ob
1010 1984 1085 2014 illud
1115 1976 1206 2020 Σίλλοις

20 2060 22 2067 =
44 2043 175 2075 virtutes
199 2053 324 2084 quoque
349 2047 432 2074 artes
456 2042 561 2073 vocari
585 2041 759 2079 adseverat,
784 2047 820 2072 ut
844 2051 939 2081 supra
964 2051 990 2071 c.
1015 2039 1043 2077 1,
1069 2039 1096 2079 ξ.
1121 2039 1152 2075 ll,
1177 2044 1209 2069 et

64 2099 129 2141 pud
165 2099 336 2140 scriptores
371 2097 505 2129 Latinos
540 2097 630 2138 (Cic.
661 2098 723 2129 Pro
758 2097 826 2138 lege
856 2096 946 2127 Man.
982 2094 1043 2133 133
1079 2094 1207 2125 Sallust-

52 2154 123 2187 Cat.
148 2153 179 2193 9,
204 2154 269 2196 lug.
295 2155 332 2193 23
356 2154 467 2186 Horat.
493 2153 556 2185 Od.
582 2152 631 2191 111,
657 2152 688 2191 3,
713 2153 760 2193 9).
797 2151 950 2193 Aspasius
976 2150 1060 2182 istud
1085 2149 1210 2190 quidem

73 2218 198 2238 Commeat.
209 2217 237 2237 ad
248 2217 317 2238 Arist.
326 2217 403 2237 Echion
413 2217 498 2237 Νἰοοπι.
508 2215 544 2236 ed.
553 2215 669 2237 Mirm-lae.
995 2203 1011 2229 6
