1439 2342
455 83 529 110 Libri
544 83 587 110 w.
629 83 694 116 Cap.
711 82 747 108 lx
770 82 850 115 (xv).
1173 81 1242 115 153

86 204 168 234 μεια·
198 191 318 223 rasit-ct
349 190 379 221 6}
407 188 455 221 καὶ
486 190 510 220 οἱ
536 187 565 220 τὸ
592 187 731 221 σκώπτειν
755 188 974 231 μεταδιώκοντες
999 185 1242 229 ’ὖπερβαλλέντψᾳ

86 249 286 288 Textumque
310 245 489 286 interpretis
513 245 708 282 Felicianus,
735 251 768 276 ut
792 245 934 286 saepius,
959 244 990 275 in
1014 244 1158 276 versione
1183 245 1242 276 cir-

86 303 310 343 cumloquens,
335 300 558 342 etymologiam
580 311 707 332 scurrae
730 300 834 337 affert,
860 299 979 341 „quasi
1003 311 1169 342 sequurras
1193 301 1240 331 di-

86 359 185 390 xeris:
211 369 249 390 eo
273 357 358 398 quod
381 366 481 397 genus
505 356 565 386 hoc
589 356 753 386 hominum
779 355 956 386 oblectandi
975 366 1068 386 causa
1085 355 1243 398 risumque

84 413 218 450 faciendi
249 412 337 454 sequi
368 411 496 442 ditiores
528 410 663 442 soleat.“
720 411 771 442 De
795 410 855 442 hoc
879 410 954 441 vitio
985 410 1056 441 vide
1081 411 1243 453 Theophr.

85 469 144 502 XI:
170 467 232 505 περὶ
256 466 416 507 βδελυρίας.
440 485 484 490 --
532 459 640 507 ἄγριοι)
664 458 792 507 ἅγρεικει
815 471 969 496 vocantur
992 476 1087 506 supra
1109 465 1146 504 Il,
1171 478 1199 498 c.
1214 467 1244 506 7,

86 525 115 566 ξ.
141 524 197 561 13,
233 528 264 555 et
293 523 323 554 in
355 523 464 563 Magn.
489 522 572 552 Mor.
598 521 626 560 I,
662 521 721 553 31:
759 513 886 561 ἄγκικει
916 518 965 552 καὶ
996 519 1183 560 &wecil-rema
1212 523 1243 553 in

86 580 168 611 Eud.
193 579 249 616 Ill,
282 580 311 610 7.
359 578 439 609 Vide
463 578 503 609 de
527 577 588 608 hoc
612 577 709 608 altero
735 583 875 608 extremo
900 577 1061 617 Theoplir.
1086 577 1144 614 lv,
1182 576 1244 616 περὶ

86 631 245 675 ἀγροικίας,
272 639 303 665 ct
324 634 395 670 XX,
420 630 484 673 περὶ
508 630 618 673 εἷηὸίας.

174 690 200 730 ᾧ.
226 690 255 722 G.
304 689 332 720 ἐκ
358 688 410 720 τῶν
433 688 601 729 κωμῳὸιῶι)
635 689 810 719 Felicianus
828 689 996 729 Aspasium
1015 689 1242 729 interpretans:

86 746 174 784 „Qui
189 751 312 777 veteres
331 744 511 776 comoedias
528 744 692 784 scripsere,
716 744 822 775 omnia
839 745 902 775 suis
919 743 1022 775 verbis
1047 745 1245 785 explicabant

86 802 245 842 risumque
269 800 487 832 obscoenitate
511 799 635 830 dicendi
658 804 784 840 captare
801 806 1041 830 consueverant.
1081 800 1243 830 Novarum

87 863 191 888 autem
215 862 359 888 auctores
376 855 551 886 modestius
576 860 670 896 atque
694 855 857 885 honestius
884 866 917 885 se
941 860 1122 895 gesserunt,
1148 855 1244 885 risum

87 918 254 945 censentes
279 924 342 942 non
359 911 565 952 turpitudine,
591 911 646 941 sed
673 910 851 950 suspicione
869 906 1028 951 (ὑπεισίᾳ),
1052 910 1071 940 i.
1089 921 1116 941 e.
1135 911 1245 941 latenti

87 970 187 1010 aliqua
220 968 447 1009 significatione
477 972 508 997 et
539 967 707 1004 allusione,
747 977 811 996 non
843 966 1007 996 manifesta
1042 966 1245 1006 expressione

87 1036 157 1057 esse
180 1025 374 1055 faciendum:
399 1023 515 1064 quippe
538 1034 609 1053 cum
626 1033 690 1052 non
714 1033 823 1062 parum
848 1021 972 1052 intersit
994 1022 1032 1052 ad
1058 1021 1242 1062 elegantiam

87 1087 119 1112 et
134 1082 345 1117 honestatem,
370 1083 519 1120 apertene
534 1078 701 1118 exprimas,
725 1088 804 1119 quae
828 1078 931 1119 turpia
947 1083 1031 1115 sunt,
1056 1089 1094 1108 an
1111 1078 1244 1109 latenter

88 1138 200 1167 innuas
225 1147 261 1166 ac
285 1135 476 1175 significesf‘

176 1193 203 1232 ξ.
234 1191 281 1222 lO.
328 1186 360 1221 ἂν
385 1187 398 1220 ἑ
421 1187 531 1230 χαριεῖς
556 1187 644 1226 εἶπει)
669 1187 743 1220 εἴποι
767 1184 798 1219 ἂν
823 1185 837 1220 ὃ
860 1188 969 1228 χαριείς,
997 1189 1060 1225 Ι-Γ,
1091 1188 1154 1227 Kb,
1186 1188 1243 1226 N'',

86 1249 162 1285 Par,
186 1247 280 1285 Vrat3
304 1244 378 1277 εἴποι
403 1241 416 1276 ἑ
440 1244 549 1285 χαριείς
566 1243 635 1279 Mb:
661 1239 692 1275 ἂν
715 1242 789 1276 εἴποι
814 1240 828 1275 ὅ
851 1243 960 1285 χαριείς
984 1244 1148 1275 Bekkerus
1173 1256 1242 1275 cum

85 1304 212 1345 reliquis
237 1302 300 1333 suis
325 1301 497 1333 codicibus.

175 1359 201 1399 ξ.
235 1358 280 1391 12.
329 1357 517 1388 Restituitur
536 1357 602 1398 jam
635 1356 714 1387 ordo
745 1356 855 1386 harum
885 1356 980 1386 trium
1010 1356 1161 1386 virtutum
1191 1367 1243 1386 su-

88 1426 142 1455 pra
170 1415 210 1451 H.-
242 1426 268 1445 c.
304 1415 339 1449 7,
373 1414 400 1454 ξ.
437 1413 528 1444 ll—
548 1412 594 1443 13.
626 1412 755 1449 obvius,
792 1411 846 1452 qui
876 1411 1002 1452 quidem
1035 1411 1065 1441 in
1097 1422 1243 1442 enarran-

87 1472 133 1501 dis
164 1470 222 1500 illis
256 1469 422 1500 virtutibus
449 1479 503 1509 por
527 1468 604 1499 haec
627 1467 848 1509 praecedentia
872 1467 977 1507 capita
1000 1466 1155 1505 (6-8)
1178 1472 1243 1498 tur·

87 1526 229 1558 babatur.

177 1581 276 1614 CAP.
301 1580 360 1610 lx.
384 1580 483 1618 (XV.)
531 1579 662 1609 Videtur
680 1579 751 1620 jure
775 1588 833 1608 suo
857 1577 1046 1609 verecundia
1070 1578 1120 1609 hic
1143 1579 1245 1620 adjici,

87 1650 158 1671 cum
183 1644 215 1669 et
238 1637 307 1678 ipsa
338 1637 368 1667 in
394 1635 623 1667 communitate
654 1644 835 1665 sermonum
860 1633 1081 1675 actionumque
1104 1640 1246 1665 versetur

87 1701 118 1726 et
150 1693 293 1736 quamvis
324 1702 388 1722 non
416 1691 532 1728 virtus,
564 1696 670 1721 tamen
702 1690 823 1731 signum
856 1689 912 1728 sit,
944 1700 1007 1731 quo
1038 1700 1097 1721 nos
1122 1690 1160 1720 ad
1185 1691 1245 1721 vir-

87 1756 187 1782 tutem
219 1761 237 1780 a
268 1748 351 1779 malo
389 1747 492 1789 aliquo
529 1747 699 1778 commisso
739 1756 901 1786 regressos
931 1745 1135 1777 declaremus.
1194 1747 1244 1777 De

87 1806 164 1836 vitio
196 1803 403 1836 verecundiae
435 1802 585 1843 opposito
624 1803 662 1833 cf.
693 1802 856 1843 Theophr.
888 1801 949 1832 IX:
987 1799 1049 1840 περὶ
1088 1798 1244 1842 ἀναισχυν-

89 1861 157 1899 τίεις.
