1439 2342
454 74 525 102 Libri
546 75 591 102 ιν.
614 75 680 110 cap.
698 75 748 102 vn
765 75 865 108 (xun-
1166 72 1235 108 151

186 184 213 223 ᾧ.
249 184 296 215 10.
350 184 400 215 De
433 183 586 225 jactantia
619 182 690 214 vide
727 183 873 223 Theoph.
913 180 1032 214 XXIII:
1076 177 1138 220 περὶ
1173 177 1250 213 ἅλα-

91 238 203 277 ζονείας.

178 294 206 335 ᾧ.
234 294 286 326 11.
334 289 390 325 gera
414 294 450 331 εἰς
474 291 616 334 ἀργύριον)
646 294 873 335 paraphrastes
904 299 988 325 recte
1018 292 1169 325 dilucidat
1191 292 1247 323 ad-

87 351 164 382 dens
189 347 317 390 ἔρχεται,
342 349 418 380 item
443 349 597 390 Aspasius
622 344 677 380 ὅσα
704 346 837 389 ἀργύριον
861 348 969 389 παρίζει
993 349 1214 390 interpretans.

174 406 202 447 ᾧ.
231 406 282 438 12.
329 402 379 436 οὐκ
404 405 429 436 ἐν
452 404 490 448 τῇ
513 403 638 446 δυνάμει)
662 404 861 436 Felicianus:
886 404 942 441 „Id
968 409 1027 442 est,
1052 415 1115 435 non
1140 403 1170 434 in
1195 414 1244 441 eo,

84 461 167 503 quod
191 461 295 502 possit
318 461 436 502 majora
460 465 493 492 et
516 460 662 499 clariora,
694 471 787 501 quam
813 459 943 498 habeat,
969 459 1027 490 sibi
1051 460 1170 500 fingere
1195 464 1243 490 at-

85 528 145 559 que
178 527 322 558 arrogare
354 516 408 554 (id
440 516 524 547 enim
554 515 771 557 unusquisque
809 515 903 547 etiam
935 514 1054 556 probus
1085 519 1117 545 et
1150 525 1244 545 verax

84 573 222 614 potest),
247 572 305 603 sed
330 572 361 602 in
387 582 442 610 e0,
477 571 562 614 quod
585 571 656 603 talis
680 576 746 609 est,
781 576 816 602 ut
839 581 877 602 ex
902 571 1056 602 electione
1079 570 1110 601 id
1134 570 1241 608 saciat;

84 629 201 670 quippe
225 639 297 659 cum
323 639 388 658 non
413 632 558 668 potestas
581 627 612 658 in
637 638 730 658 causa
754 627 804 664 sit,
830 632 864 658 ut
887 627 965 657 tales
982 625 1081 658 simus
1098 637 1134 657 ac
1150 626 1240 663 tales,

83 684 138 715 sed
166 684 288 715 electio.
336 684 417 714 Nam
443 687 478 714 ut
501 683 532 714 in
549 683 680 724 Topicis
691 685 712 700 “
735 682 803 721 (IV,
828 694 855 713 c.
873 684 908 719 5)
933 687 993 721 „et
1017 681 1090 713 alibi
1115 692 1240 723 quoque

83 739 194 780 inquit,
218 744 395 779 potestates
420 743 452 769 et
475 738 639 770 facultates
663 737 793 769 minime
817 742 892 768 sunt
915 737 1158 778 vituperandae,
1183 737 1238 768 sed

82 794 264 826 electiones.
325 794 399 825 Illae
429 793 512 824 enim
543 793 762 834 oppositarum
792 804 896 824 rerum
928 798 1003 823 sunt
1031 794 1114 824 inter
1143 803 1239 834 seque

82 849 333 887 adversantium,
358 860 437 890 quae
462 849 554 880 simul
578 860 649 880 esse
673 849 759 880 nullo
784 854 878 890 pacto
903 854 1038 890 queunt,
1063 853 1099 879 ut
1122 848 1238 879 idcirco

81 905 193 936 mereri
217 916 320 946 neque
344 905 469 936 laudem
493 916 596 946 neque
620 905 812 945 vituperium
836 904 976 944 possint:
1008 904 1066 935 hae
1091 904 1144 935 uni
1171 914 1237 935 cer-

81 966 132 992 tae
154 960 198 992 rei
224 960 427 998 addicuntur,
451 960 548 991 immo
572 972 666 991 unam
692 966 809 992 certam
833 971 900 990 rem
923 959 983 990 sibi
1007 960 1166 991 asciscunt
1189 963 1238 990 at-

81 1027 141 1058 que
165 1017 323 1054 eximunt,
350 1022 386 1047 ut
409 1016 435 1047 si
459 1027 555 1058 prava
581 1027 618 1048 ea
642 1016 698 1055 sit,
724 1016 922 1057 vituperium,
949 1016 974 1047 si
993 1020 1089 1054 recta,
1113 1015 1237 1046 laudem

80 1076 347 1114 consequantur.“

108 1117 117 1126 '
169 1129 197 1169 ξ.
227 1128 275 1159 13.
323 1123 358 1159 ὧν
382 1127 447 1168 καί)
472 1123 491 1169 ἢ
515 1128 552 1159 δι’
577 1122 612 1158 ὧν
635 1127 689 1159 καί
708 1126 776 1166 M¹';
801 1122 835 1158 ὧν
860 1123 877 1168 ἦ
901 1129 949 1158 (δεῖ
962 1126 1006 1158 Kb
1032 1127 1236 1167 (Cardwellus

80 1195 118 1215 ex
148 1180 165 1224 ἡ
201 1186 248 1215 &si
271 1184 450 1224 suspicatur
473 1179 586 1224 ἡδεῖα);
623 1178 657 1214 ὧν
682 1180 761 1224 ἦὸεῖα
792 1182 844 1214 καί
865 1183 913 1214 ΕΙ.
939 1201 981 1204 ——
1013 1179 1107 1222 ἰατρὸν
1131 1178 1236 1223 ἢμείν-

80 1253 119 1271 τιν
143 1238 251 1279 σοφόν)
285 1237 382 1282 μάντιν
414 1235 433 1281 ἢ
463 1236 557 1279 ἰατρόν
581 1237 673 1279 σοφόν
698 1237 762 1275 0¹';
787 1237 883 1280 μα’νῖιν
907 1235 997 1278 σσφόν
1021 1234 1039 1280 ἢ
1063 1236 1157 1278 ἰατρόν
1180 1237 1235 1276 Lb,

79 1294 150 1334 Mb,
187 1296 367 1334 Bekkerusg
404 1294 499 1337 μάντιν
538 1293 628 1334 σοφόν
668 1292 763 1335 ἰατρόν
800 1294 845 1325 K’¹
880 1295 1072 1334 (secundum
1109 1294 1235 1325 Bekke-

79 1354 177 1392 rum);
214 1348 309 1391 ἰατρὸν
340 1347 358 1392 ἢ
382 1348 478 1392 μάντιν
500 1347 518 1392 ἢ
542 1348 632 1390 σοφόν
656 1351 712 1389 ΕΙ,
748 1351 913 1391 Aspasius.
972 1351 1062 1381 Hane
1091 1351 1235 1381 ultimam

80 1407 247 1439 lectionem
279 1407 305 1437 si
336 1418 518 1447 sequamur,
557 1404 647 1446 σαφές,
676 1418 739 1437 non
780 1407 818 1437 de
849 1406 961 1447 peritia
992 1407 1236 1448 uniuscujusque

80 1464 154 1495 artis
179 1464 234 1502 (cf.
250 1463 328 1493 infra
351 1462 403 1499 Vl,
429 1474 455 1493 c.
474 1464 503 1499 Τ,
529 1462 557 1503 ξ.
576 1464 617 1502 1),
642 1467 677 1493 ut
701 1463 823 1503 accepit
845 1462 1082 1502 paraphrastes,
1106 1462 1236 1503 intelligi

80 1519 225 1557 deberet,
258 1518 315 1549 sed
346 1530 417 1549 cum
442 1518 600 1549 Feliciano
625 1519 663 1549 (le
687 1518 857 1559 sophistis,
894 1518 1010 1559 quippe
1035 1518 1087 1559 qui
1111 1518 1235 1558 sapien—

80 1576 154 1606 tiam
180 1575 338 1606 simulent.
364 1593 407 1596 —
443 1570 477 1604 rai
502 1572 641 1614 εἰρημένα)
668 1574 774 1605 Schol.
799 1574 868 1604 Par.
894 1585 944 1614 ap.
970 1573 1046 1604 Zell.
1071 1584 1109 1604 ex
1133 1575 1234 1614 Aspa-

81 1631 145 1662 sio:
172 1627 261 1671 δέξει,
285 1627 462 1667 ἀπόλαυσις,
487 1626 518 1659 τὸ
542 1632 653 1661 λαθεῖν.

169 1687 196 1727 ξ.
226 1685 275 1717 14.
322 1686 401 1716 Vide
425 1685 587 1726 Theophr.
612 1685 641 1724 I,
667 1682 729 1725 περὶ
752 1685 896 1725 εἰρωνείας.
919 1704 964 1708 —-
984 1682 1116 1726 ὄγκηρέν)
1132 1682 1235 1727 ὀχλη-

80 1740 127 1781 ρέν
159 1742 262 1780 CCC,
294 1740 356 1779 Kb,
389 1742 429 1772 EI
463 1738 605 1782 (ἐγκηρόν
631 1752 705 1772 vero
737 1741 776 1771 ad
801 1742 918 1781 oram),
952 1742 1038 1779 Ven,
1076 1741 1234 1772 Cardwel-

81 1799 140 1829 lus.
164 1817 207 1820 —
252 1794 432 1837 Σωκριῖῃ)
477 1798 528 1828 De
558 1797 657 1828 ironia
687 1797 826 1828 Socratis
855 1797 925 1827 vide
954 1796 1236 1838 praeclarissimam

82 1854 330 1896 disputationem
355 1853 494 1894 Hegelii,
521 1853 628 1885 (ἔθει-ἠ.
653 1854 681 1884 d.
707 1853 794 1891 Phil„
820 1851 917 1890 'r.11,
942 1863 973 1893 p.
999 1852 1157 1885 53-57.

171 1910 198 1951 {n
228 1909 277 1941 15.
327 1909 351 1940 εἱ
376 1908 406 1940 ὁὲ
430 1906 478 1940 καὶ
506 1905 544 1939 τιὸ
566 1906 665 1950 μικραί)
711 1907 869 1940 Victorius
889 1908 966 1939 haec
991 1919 1053 1939 non
1080 1908 1119 1939 ad
1142 1908 1236 1939 dissi-

83 1966 304 2003 mulationem,
336 1965 391 1996 sed
425 1965 464 1995 ad
489 1965 734 1996 ostentationem
757 1963 863 1995 referri
887 1964 969 2002 vult,
995 1963 1079 2005 quod
1104 1960 1237 2004 ἀπαρνεῖ-

83 2026 158 2054 σθαι
181 2022 220 2052 de
245 2021 491 2060 dissimulatore‚
517 2023 741 2061 προςποιεῖσὲναι
766 2025 872 2051 autem
887 2030 1012 2061 semper
1026 2020 1066 2050 de
1081 2020 1238 2061 arroganti

83 2077 269 2109 Aristotcles
294 2075 464 2117 praedicet.
518 2077 633 2108 Verum
658 2077 736 2108 haec
759 2076 891 2107 Victorii
915 2075 1132 2116 interpretatio
1157 2086 1237 2117 quo-

84 2133 180 2164 modo
205 2132 275 2164 ferri
299 2132 411 2172 possit,
436 2142 499 2163 non
525 2133 626 2171 video,
652 2144 723 2165 cum
747 2133 828 2163 hanc
853 2132 952 2173 ipsam
979 2130 1237 2162 dissimulationis
