1439 2342
185 91 260 127 226
467 91 647 118 Commentar.
669 89 703 116 ad
718 89 826 116 Aristot.
849 87 938 115 Ethic.
958 87 1064 115 Nicon.

186 212 318 242 nempe:
358 201 390 238 1)
414 199 547 240 primam
572 197 818 235 dubitationem,
844 201 950 227 utrum
975 195 1111 227 scienter
1134 197 1268 236 peccent
1289 191 1340 224 in-

186 256 387 289 continentes
411 265 522 292 necne,
547 259 579 285 et
603 253 763 295 quomodo
788 252 940 291 scienter3
964 252 996 292 2)
1021 256 1143 283 sextam
1168 248 1340 282 dubitatio-

186 324 276 350 nem,
313 310 426 354 quibus
457 311 487 342 in
520 309 614 342 rebus
644 309 844 342 incontinens
874 314 1033 346 versetur,
1068 307 1088 338 i.
1114 318 1142 339 e.
1173 311 1277 338 utrum
1308 305 1341 337 in

186 367 273 399 omni
296 367 458 408 voluptate
483 372 514 398 et
539 365 663 404 dolore,
693 377 731 397 an
756 365 787 396 in
812 365 905 397 certis
930 362 1146 405 voluptatibus
1169 361 1340 394 et'dolori-

185 424 261 463 bus3
293 423 324 463 3)
347 428 451 454 utrum
477 422 643 454 continens
669 427 701 454 et
724 427 873 453 constans
903 421 987 452 idern
1012 420 1091 458 sint,
1122 430 1161 450 an
1186 418 1340 450 differant.

185 479 249 511 Sed
273 480 350 511 haec
373 478 464 510 tertia
488 478 631 520 quaestio
655 489 718 509 non
744 477 884 519 postulat
901 487 1014 508 novam
1032 475 1222 508 solutionem
1240 484 1342 506 novae

185 534 408 573 dubitationis,
446 535 502 566 sed
542 534 580 565 ad
611 534 800 565 solutionem
833 538 940 565 sextae
970 532 1175 564 dubitationis
1204 531 1343 573 pertinet

187 592 240 630 (cf.
267 592 336 622 infr.
362 602 388 622 c.
407 590 444 629 4,
469 590 566 631 §.1),
603 602 673 622 cum
706 590 872 622 continens
903 595 934 621 et
965 594 1115 621 constans
1147 588 1232 629 (infr.
1257 599 1284 620 c.
1310 587 1341 627 7,
1390 607 1391 610 =

186 649 214 689 ἑ.
235 648 268 685 1)
290 647 333 678 ita
356 647 597 688 distinguantur,
622 651 657 677 ut
680 646 730 677 hic
753 646 784 676 in
808 645 978 683 doloribus,
1003 645 1054 676 ille
1078 644 1108 675 in
1125 642 1342 685 voluptatibus

185 703 303 736 versari
325 703 455 735 dicatur.
503 702 608 734 Prima
633 708 737 734 autem
760 701 876 733 solutio
901 702 1028 733 tertium
1059 705 1171 742 caput,
1204 699 1343 731 secunda

185 765 319 802 quatuor
343 759 505 801 sequentia
529 759 632 800 capita
656 760 698 797 (c.
716 758 803 797 4-7)
828 757 1064 799 complectitur3
1094 762 1126 788 et
1152 755 1339 798 reliquarum
1390 779 1392 783 ,

185 815 418 847 dubitationum
447 815 621 846 solutiones
652 810 767 856 (ὁμοίως
792 813 820 844 ὁὶ
845 811 893 845 καὶ
917 810 980 853 περὶ
1005 813 1057 844 τῶν
1081 808 1175 845 ἄλλων
1195 826 1222 843 κ.
1247 825 1273 843 τ.
1297 814 1341 850 λ.)
1392 855 1394 858 Ι

185 872 312 914 reliquis
343 871 498 913 capitibus
531 870 661 903 secundi
691 875 841 902 tractatus
865 870 956 912 hujus
980 869 1049 901 libri
1072 871 1114 907 (c.
1131 868 1237 909 8-10)
1263 879 1340 900 con·
1390 892 1392 912 ζ

185 928 340 966 tinentur,
372 932 503 968 excepta
533 931 638 958 tamen
670 926 788 968 primae
820 925 976 967 opinionis
1001 925 1216 963 dubitatione,
1248 935 1341 966 quam
1389 922 1391 925 ’

185 984 235 1016 hic
259 984 351 1025 plane
375 994 439 1015 non
465 994 607 1015 seorsum
632 987 740 1014 auctor
767 987 898 1020 tractat,
929 994 1024 1025 quum
1050 993 1118 1014 eam
1137 982 1203 1024 jam
1226 981 1258 1012 in
1283 981 1340 1012 du-

184 1039 391 1071 bitationibus
414 1039 630 1081 proponendis
656 1042 697 1076 (c.
723 1039 754 1078 2)
780 1049 850 1070 cum
874 1038 1000 1080 reliquis
1022 1037 1224 1080 opinionibus
1246 1048 1342 1079 saepe

185 1096 391 1137 conjunxerit,
416 1096 459 1126 ita
482 1100 518 1126 ut
541 1096 598 1126 bac
621 1105 659 1126 ex
683 1099 771 1136 parte
788 1095 1014 1136 paraphrastes
1038 1106 1056 1125 a
1071 1105 1145 1125 vero
1162 1104 1226 1125 non
1251 1093 1341 1125 aber-

185 1162 271 1183 rasse
294 1151 391 1183 videri
415 1152 534 1192 possit,
566 1151 617 1192 qui
641 1151 722 1182 hanc
746 1150 928 1192 opinionem
954 1155 1131 1192 separatam
1155 1161 1219 1181 non
1244 1160 1341 1192 agno-

185 1208 264 1239 verit
293 1207 381 1249 (vide
412 1218 497 1249 supr.
527 1207 565 1238 ad
597 1218 624 1238 c.
652 1207 686 1243 1,
713 1206 739 1247 ξ.
758 1206 853 1246 6-7).
900 1206 971 1238 Illas
1006 1217 1080 1238 vero
1111 1206 1189 1237 duas
1223 1206 1343 1247 priores

184 1263 358 1294 solutiones
388 1263 465 1295 haec
489 1263 516 1304 ξ.
548 1262 630 1293 solas
663 1262 848 1293 nominatim
879 1263 1013 1304 profert,
1050 1262 1121 1304 quia
1151 1262 1341 1309 §.ffiequens

182 1319 338 1351 rationem
363 1319 484 1357 reddit,
516 1329 569 1350 cur
600 1318 638 1349 ab
662 1318 710 1349 his
735 1318 934 1360 potissimum
959 1317 1196 1360 quaestionibus
1217 1317 1340 1348 initium

185 1376 363 1408 faciendum
388 1375 438 1407 sit.

276 1432 304 1472 ᾧ.
329 1432 359 1464 2.
412 1426 430 1472 ἢ
455 1422 496 1469 0⁴5,
520 1427 597 1463 α’λλεὶ
621 1430 662 1471 τῷ
685 1425 740 1468 ὥς)
776 1441 838 1462 om.
863 1430 949 1469 Ven;
982 1430 1020 1461 El
1051 1429 1082 1461 in
1107 1430 1245 1472 margine
1269 1435 1340 1461 tan-
1388 1448 1396 1453 -

186 1493 252 1519 tum
289 1487 441 1528 agnoscit.
472 1505 514 1509 ——
563 1484 624 1526 περὶ
658 1481 781 1524 ἅπαντ’)
820 1483 882 1525 περὶ
918 1483 1001 1517 πάντ’
1037 1485 1198 1517 Bekkerus
1234 1486 1338 1518 tacite.

186 1543 319 1574 Zellius:
345 1543 520 1584 „Bergiana
545 1542 683 1574 secunda
708 1539 790 1573 πάντ’
815 1553 871 1583 pro
895 1537 1008 1579 ἅπαντ’,
1026 1542 1132 1574 nescio
1157 1542 1275 1574 unde.“
1300 1559 1338 1566 —

187 1596 265 1631 α’λλιὶ
290 1598 331 1640 τῷ
351 1599 380 1639 ἐξ
404 1595 520 1640 ἀμφοῖν)
550 1594 616 1630 ἀλλ’
648 1598 678 1639 ἐξ
708 1595 814 1640 ἀμφοῖν
844 1597 1006 1630 Bekkerus
1037 1609 1053 1629 e
1078 1597 1142 1629 suis
1167 1597 1339 1630 codicibus.

188 1655 430 1696 paraphrastes:
462 1649 479 1695 ἢ
509 1655 574 1685 κατ’
604 1651 767 1696 ἀμφότερα.
815 1653 858 1686 L''
883 1660 914 1686 et
941 1653 987 1686 0⁵
1011 1654 1136 1696 quidem
1160 1648 1178 1695 ἢ
1206 1646 1247 1691 οὗ,
1272 1649 1340 1686 ἀλλ’
1377 1675 1379 1678 <
1433 1659 1439 1677 1¹

186 1710 215 1751 ἐξ
239 1706 346 1752 ἀμφοῖν
370 1710 559 1748 omiserunt,
593 1711 647 1741 sed
680 1722 751 1742 mox
779 1715 853 1752 post
883 1706 899 1751 ἡ
933 1707 1081 1750 ἐγκράτεια
1112 1705 1129 1750 ἣ
1160 1701 1193 1741 οὗ
1220 1709 1341 1741 addunt

184 1762 251 1798 ἀλλ’
276 1765 305 1806 ἐξ
329 1762 444 1807 ἆμφεΐν,
469 1766 634 1797 manifesta
658 1766 855 1808 negligentia.
878 1784 915 1789 -
935 1763 997 1806 περὶ
1021 1759 1150 1803 ἅπαντα)
1174 1765 1339 1797 Bekkerus

184 1831 220 1853 ex
247 1822 302 1860 H''‚
326 1820 381 1859 Lb,
406 1819 462 1858 Nh,
487 1820 534 1853 O''
560 1820 622 1861 περὶ
653 1820 751 1854 mlvr’:
776 1820 833 1860 Kb,
862 1820 914 1853 Mb
938 1819 1001 1861 περὶ
1025 1815 1139 1852 ἅπαντ’.

272 1877 366 1918 (Cap.
390 1878 443 1915 V.)
490 1875 519 1920 §.
545 1877 575 1909 4.
619 1874 821 1918 Ἡράκλεια-σς)
858 1876 1038 1909 Aristotelis
1069 1876 1259 1909 sententiam
1289 1876 1338 1909 di-

184 1932 322 1974 scipulus
347 1932 469 1973 (Magn.
487 1933 600 1963 Moral.
619 1933 653 1970 ll,
673 1935 704 1973 6)
729 1933 973 1975 praelectionem
993 1933 1139 1965 nimirum
1156 1933 1338 1966 memoriter

182 1992 295 2020 tenens
319 1988 362 2019 ita
386 1988 501 2030 aperit,
532 1993 568 2020 ut
591 1989 767 2021 Heraclitus
791 1989 935 2021 stabilem
955 1988 1070 2021 habeat
1093 1988 1275 2030 opinionem
1298 1989 1338 2022 da

181 2044 293 2086 quibus
324 2043 521 2086 opinabatur.
567 2044 620 2076 Sic
650 2045 745 2076 etiam
776 2046 929 2087 Aspasius
963 2050 997 2077 et
1025 2045 1267 2086 paraphrastes,
1305 2045 1337 2076 in

182 2100 361 2141 exemplum
391 2100 557 2132 afferentes
588 2110 657 2132 earn
682 2101 748 2142 ejus
773 2101 973 2143 opinionem,
1002 2112 1063 2144 qua
1086 2100 1293 2133 mutationem
1317 2110 1335 2133 ο
