1439 2342
204 97 252 132 50
483 96 660 122 Commcntnr.
688 93 721 119 ml
742 92 852 119 Aristot.
874 90 958 118 Echio.
981 91 1083 118 Nicom.

205 204 355 241 amicitia,
388 202 528 233 decimus
559 201 598 231 de
620 199 782 240 voluptate
812 198 850 238 (c.
877 197 972 238 1-5).
1017 197 1162 230 Tandem
1170 221 1179 236 ‚
1209 196 1357 230 felicitate
1402 228 1405 238 ,

204 260 342 293 exactius
358 256 494 302 depicta,
518 255 557 286 ad
576 254 711 292 initium,
735 263 850 294 nempe
872 253 1065 291 felicitatem,
1089 252 1129 284 ad
1142 252 1359 285 definitionem
1396 268 1405 283 ν

1398 318 1407 363 i

204 317 286 357 ejus,
318 312 375 344 sed
398 311 509 342 melius
540 315 573 342 et
596 309 708 341 clarius
737 308 1006 350 perspiciendam,
1037 307 1152 340 redibit
1181 307 1231 348 (c.
1256 307 1357 348 6-8),

205 369 297 402 simul
325 378 351 398 c.
385 367 415 400 9.
445 366 485 397 ad
515 364 677 407 politicam
707 363 914 403 transiturus,
949 376 1029 406 quae
1061 364 1181 396 ethices
1210 368 1260 396 est
1293 363 1358 395 ἔπι-

205 425 303 466 στήμη
328 418 556 463 α’ρχιτεκτονική.

292 480 321 521 ᾧ.
350 479 399 510 17.
446 476 620 519 μεμνῆσθαι)
645 475 832 507 Auditorem
853 475 893 507 ad
917 481 1013 517 caput
1037 475 1066 507 3.
1089 474 1231 507 remittit.

293 535 321 576 ᾧ.
349 533 400 566 18.
448 529 547 573 ἐρξτήν)
580 542 624 562 sc.
648 529 760 572 γωνίανε
783 531 925 563 nonnulli
947 527 1088 572 γραμμήν.
1134 530 1213 562 nlud
1234 529 1357 568 melius,

205 591 410 623 architectura
440 588 523 619 enim
555 587 750 618 Graecorum
784 591 853 618 tota
889 587 984 618 rectis
1019 586 1141 628 angulis
1173 584 1357 624 constabat3
1402 583 1405 593 ²

205 655 392 688 quamquam
417 648 449 674 et
472 643 554 674 linea
576 648 663 674 recta
685 642 801 684 ubique
824 641 1051 674 inveniebatur.

292 701 320 741 ᾧ.
346 699 397 732 19.
445 695 500 729 οἷον
523 695 571 729 καὶ
596 695 660 738 περὶ
682 694 733 736 τοὶς
757 694 864 738 ἀρχάς)
899 698 933 729 Si
956 697 1181 739 principiorum
1205 696 1358 738 principia

205 766 352 800 quaerere
376 753 576 792 voluerimus,
595 754 661 795 jam
686 764 751 784 non
774 753 928 795 principia
951 759 1044 785 erunt
1061 752 1228 794 principia;
1250 762 1308 793 per
1323 763 1358 784 se
1398 747 1399 751 ¹

204 811 284 842 clara
312 809 409 847 fiunt,
440 814 473 840 et
502 814 609 840 mente
635 809 693 850 (τῷ
717 809 769 850 νῷ)
794 820 848 847 ea,
872 820 936 840 non
968 809 1238 840 demonstratione
1268 804 1358 848 (αἶπο-

205 865 296 906 defga)
322 865 584 906 comtemplamur
609 865 659 905 (cf.
684 864 752 895 infr.
775 864 835 903 VI,
860 876 886 896 c.
912 865 954 905 6).
980 866 1085 896 'Nam
1108 865 1134 896 si
1158 865 1356 896 demonstra-
1387 886 1391 892 -

204 922 288 952 tione
323 920 576 961 perciperentur,
612 931 650 951 ex
679 920 950 961 propositionibus
982 920 1153 961 syllogismi
1188 919 1356 951 conclude-

204 983 320 1013 rentur,
345 986 425 1017 quae
441 975 529 1016 ipsae
545 981 654 1007 essent
668 976 894 1017 principiorum
914 976 1076 1017 principia.
1112 975 1355 1016 Paraphrastes:

204 1032 228 1064 εἰ
247 1029 301 1073 γοέρ
334 1028 491 1072 ζητήσομεν
518 1030 572 1062 τῶν
596 1027 694 1072 ἀρχῶν
717 1030 825 1069 αἰτίαν,
854 1027 989 1062 οὗὸἔποτε
1019 1028 1188 1073 εἷρξέμεθα,
1220 1027 1282 1062 ἀλλ’
1307 1027 1354 1062 ἐπ’

205 1081 316 1127 ἄπειρον
340 1083 533 1128 βαὸιούμεὲα.
553 1106 591 1111 -
616 1084 649 1118 τό
674 1086 704 1118 ὸέ
729 1081 772 1118 ἔτι
795 1086 907 1127 πρῶτον
929 1084 977 1118 καὶ
1001 1084 1098 1129 ἀρχή)
1123 1087 1279 1128 Explicat,
1302 1097 1358 1118 cur

204 1144 234 1174 in
258 1143 418 1184 principiis
443 1142 594 1181 sufficiat,
624 1148 660 1174 ut
690 1137 733 1174 ἔτι
762 1143 932 1182 indicetur;
964 1153 1078 1184 nempe
1109 1137 1151 1174 ’ἑτι
1181 1142 1284 1184 ipsum
1307 1146 1358 1174 est

205 1199 324 1229 initium
350 1199 499 1240 cujusque
515 1198 754 1240 disquisitionis,
778 1204 810 1230 et
833 1199 1021 1240 principium
1045 1198 1185 1229 omnium
1208 1197 1356 1230 seientia·
1388 1191 1392 1193 μ

205 1265 272 1285 rum
299 1256 343 1294 (ut
366 1254 453 1286 addit
469 1254 719 1295 paraphrastes).
766 1255 847 1286 Cum
873 1254 956 1286 enim
979 1254 1126 1295 primum,
1151 1265 1169 1285 a
1192 1264 1254 1295 quo
1277 1253 1357 1284 inci-

204 1310 251 1351 pit
274 1309 466 1351 disquisitio,
491 1320 555 1341 non
579 1321 618 1341 ex
639 1310 699 1341 alio
722 1310 861 1351 pendere
880 1310 998 1350 possit,
1024 1310 1080 1341 sed
1102 1320 1159 1350 per
1182 1320 1217 1340 se
1239 1309 1356 1340 clarum

205 1376 275 1396 esse
300 1365 431 1403 debeat,
462 1365 506 1396 ita
528 1370 563 1396 ut
593 1364 644 1396 τοῦ
667 1362 741 1396 ὁιέτι
769 1376 834 1397 non
865 1365 1019 1406 indigeat:
1050 1365 1126 1396 illud
1154 1359 1197 1395 gn
1227 1364 1358 1405 (scilicet

205 1431 269 1452 rem
293 1420 336 1451 ita
360 1422 441 1460 esse)
464 1421 587 1452 initium
611 1420 706 1452 debet
729 1431 800 1452 esse
823 1426 855 1452 et
877 1420 1065 1462 principium
1089 1420 1230 1452 omnium
1254 1420 1356 1451 scien·
1384 1415 1389 1429 ³

204 1477 334 1514 tiarum3
357 1487 546 1517 quamquam
570 1476 646 1507 nihil
668 1477 809 1518 impedit,
834 1476 1001 1518 quominus
1024 1476 1098 1507 illud
1122 1476 1225 1517 ipsum
1250 1470 1294 1506 gn
1317 1476 1358 1506 sit

206 1531 361 1569 scientiis,
387 1543 466 1573 quae
491 1532 529 1563 ab
552 1532 604 1562 illo
628 1532 717 1563 initio
740 1533 858 1569 fluunt,
882 1528 916 1562 τὸ
939 1529 1022 1563 ὁιότι.

294 1587 322 1626 ᾧ.
346 1587 399 1619 20.
447 1587 511 1618 Τῶν
534 1584 632 1628 ἀρχῶν
656 1587 697 1628 δέ)
729 1588 792 1620 Sed
817 1592 945 1629 quaeret
969 1587 1139 1629 quispiam,
1163 1586 1258 1628 quid?
1302 1586 1358 1618 Illa

206 1652 273 1682 ipsa
295 1641 446 1682 principia
463 1643 621 1684 quomodo
644 1643 838 1674 clarescunt?
874 1643 1001 1675 Scilicet
1023 1654 1095 1674 cum
1117 1643 1270 1684 principia
1292 1653 1357 1674 non
1408 1635 1428 1666 s‘

206 1696 330 1737 possint
359 1697 478 1737 percipi
507 1709 564 1738 per
593 1710 737 1737 causam,
768 1704 1003 1740 cognoscuntur
1031 1709 1070 1730 ex
1093 1708 1132 1729 eo
1160 1699 1248 1739 ipso,
1272 1697 1358 1740 quod

206 1762 256 1783 res
279 1756 344 1789 est,
375 1752 547 1784 dummodo
580 1765 649 1785 eam
678 1755 764 1786 omni
796 1766 835 1786 ex
863 1760 953 1796 parte
983 1753 1199 1796 perpenderis·
1243 1753 1356 1786 Varios

206 1807 319 1838 modos
350 1806 430 1837 illius
469 1802 512 1838 ἔτι
552 1809 760 1851 investigandi
795 1810 833 1842 ab
867 1810 1039 1841 Aristotele
1071 1810 1138 1851 jam
1174 1809 1356 1851 propositos

205 1862 432 1903 Paraphrastes
473 1863 591 1903 optime
634 1866 788 1906 explicat:
836 1865 971 1909 ἐπαγωγῇ
1006 1864 1074 1906 μὲν,
1114 1859 1202 1904 ὥςπερ
1240 1861 1278 1896 τοὶ
1315 1863 1356 1905 τῷ

207 1914 286 1958 αὐτῷ
321 1915 372 1948 ἴσα
406 1914 454 1948 καὶ
489 1914 624 1958 ἀλλήλοις
655 1918 728 1951 ἐστὶν
763 1919 824 1952 ἴσα·
864 1920 987 1963 δείξομεν
1019 1917 1075 1961 ”scip
1111 1916 1252 1962 ἀριθμούς
1281 1931 1360 1958 τιναςΥ

206 1970 254 2004 καὶ
284 1972 393 2014 μεγέθη
421 1970 621 2013 εῐςαγαγόντες,
660 1973 793 2017 ἐπαγωγὴ
822 1974 877 2016 γάρ
910 1976 984 2007 ἐστιν
1017 1973 1034 2017 ἡ
1066 1973 1125 2007 ἀπὸ
1154 1975 1208 2007 τῶν
1239 1974 1355 2017 μερικῶν

206 2029 298 2068 δεῖξις.
327 2024 465 2067 αἰσθήσει
488 2026 535 2064 ὀὶ,
567 2022 633 2058 ὅταν
656 2027 768 2061 (δεικνύει
793 2028 806 2062 ἑ
831 2028 950 2070 φυσικὲς
979 2029 1012 2062 r&
1037 2030 1093 2071 πῧρ
1123 2027 1229 2073 θερμόν
1250 2028 1300 2062 καὶ
1320 2027 1357 2061 ro*

205 2078 280 2123 ὕδωρ
306 2078 435 2122 ψυχρόν,
459 2076 540 2114 ἅτινα
564 2080 660 2123 ἀρχαί
679 2084 731 2115 εἰσι
758 2086 803 2126 τῆς
828 2084 994 2128 ἐπιστήμης.
1019 2086 1133 2128 ἐθισμῷ
1156 2085 1186 2118 δὲ
1211 2086 1241 2117 αἱ
1263 2082 1356 2126 ἀρχαὶ

207 2138 258 2170 τοῦ
279 2135 385 2178 ἠθικοῦ
406 2134 598 2177 γινώσκονται.
623 2160 663 2164 -
689 2132 776 2171 ἄλλαι
801 2142 830 2171 ὸὲ
855 2134 958 2181 ἄλλως)
991 2143 1137 2183 Exempli
1160 2153 1255 2174 causa
1277 2141 1361 2173 affer
