1444 2322
539 9 707 46 compectus
727 8 788 36 libri
808 9 842 36 X.
1177 11 1276 39 XLVII

349 109 522 140 curatiorem,
549 109 741 137 diuturniorem
762 114 789 136 et
816 110 952 136 meliorem
980 118 1038 137 eam
1061 111 1181 144 reddunt,
1203 113 1278 139 volu-

348 154 436 184 ptates
457 149 543 185 specie
565 149 632 176 inter
653 160 681 176 se
703 150 814 177 differre.
837 151 859 183 §.
882 146 968 177 3-6.

259 197 307 227 ββ.
329 190 486 224 Voluptates
507 189 595 224 specie
617 189 720 216 differi-e
750 194 871 225 respectu
903 189 1045 224 probitatis
1067 195 1093 217 et
1121 191 1276 226 improbita-

328 229 371 261 tis,
392 229 454 264 quia
475 229 645 263 operationes
667 230 788 256 bonitate
810 234 835 256 et
857 230 921 256 ritio
937 229 1005 257 inter
1020 239 1047 256 se
1063 231 1195 258 differunt.
1211 232 1233 264 ξ.
1249 230 1276 258 T.

260 268 484 305 w.Ostenditur
512 269 651 294 diversitas
682 271 848 304 voluptatum
885 279 917 296 ex
952 270 1138 305 operationum
1173 271 1277 298 diversa

331 308 491 335 sinceritate.
513 309 536 341 §.
558 306 585 335 S.

259 347 304 378 δὲ.
327 348 420 384 Specie
441 348 509 374 inter
530 357 558 374 se
579 348 682 374 differre
704 349 853 383 voluptates
876 353 984 384 propter
1010 350 1190 377 diversitatem
1215 350 1278 377 sub-

325 388 466 422 jectorum,
488 387 514 413 in
536 387 632 423 quibus
654 389 842 422 suscipiuntur.
865 390 890 420 §-
912 386 1018 416 9—12.

301 437 324 454 u.
345 427 521 458 Animalium,
547 437 614 462 quae
641 428 727 463 speeie
756 428 893 460 differunt,
925 429 1012 464 specie
1041 439 1145 464 quoque
1173 430 1276 457 diss'erre

350 469 508 502 voluptates.
531 470 556 499 §.
579 464 606 495 9.

300 507 375 534 b.1n
404 508 462 541 ipso
493 516 588 541 genere
616 507 732 533 humano
759 508 901 534 maximam
930 509 1095 543 voluptatum
1124 509 1276 535 vnrietuleui

346 547 515 574 intercedere.
539 548 564 578 §-
590 544 633 573 10.

301 595 320 613 t.
341 587 431 612 Bonas
452 596 510 613 esse
531 588 690 622 voluptates,
710 596 777 621 quae
799 587 871 612 bono
887 587 943 612 viro
966 588 1031 613 tales
1047 587 1174 614 ridentur.
1192 590 1216 620 δ.
1234 586 1277 615 ll.

299 628 321 653 b.
342 626 466 652 Hominis
490 627 638 660 voluptates
659 636 704 652 eas
725 627 796 652 solas
821 627 927 661 proprie
955 627 1079 653 dicendas
1108 636 1180 660 esse,
1210 637 1277 663 quae

348 666 456 701 perfecti
478 671 503 692 et
525 666 596 692 beati
618 666 666 692 viri
688 667 856 700 operationes
878 667 1024 701 perficiunt.
1048 668 1072 699 §.
1097 664 1141 694 1⁸2.

161 704 188 734 2.
209 707 250 733 Dc
272 706 411 732 felicitate:
433 715 454 732 c.
477 702 563 733 U—S.

190 756 214 773 τι.
236 747 346 781 Caput
367 750 516 772 sextum:
537 746 578 771 De
599 744 762 771 beatitudine
785 746 810 771 iu
832 754 935 779 genere.

221 800 247 815 αι.
268 785 464 812 Beatitudinem
487 794 541 812 non
563 793 620 812 esse
642 785 771 817 habitum,
793 785 839 812 sed
866 786 1048 820 operationem
1070 794 1116 819 pei·
1145 795 1172 813 se
1201 791 1276 822 opta-

270 826 358 852 bilem.
381 826 405 857 §.
430 822 514 852 1—2.

219 873 246 900 β.
268 866 322 891 Cui·
343 873 396 890 non
419 866 446 890 in
467 865 529 891 ludo
552 864 606 890 vita
627 864 708 890 beuta
727 864 816 898 posita
837 865 880 897 sit,
902 864 948 890 seil
966 865 992 890 iu
1014 865 1164 892 actionibus
1186 865 1276 892 virtuti

270 905 465 931 consentaneis.
491 906 516 935 §.
538 901 624 931 3-7,

260 957 306 973 αα.
333 944 421 970 Prima
448 948 524 970 ratio.
552 944 743 978 Operationein
771 953 785 969 c
812 944 874 970 ltulo
903 948 929 970 et
952 943 1015 978 joco
1044 945 1191 979 profectam
1220 946 1275 972 viro

327 984 408 1014 bono¹
430 988 555 1019 tanquam
577 993 685 1010 normae
707 987 733 1010 et
755 985 858 1018 regulae
874 983 946 1016 boni,
969 993 1023 1010 non
1041 985 1170 1019 optimam
1185 985 1275 1012 videri.

331 1026 356 1055 §.
378 1021 465 1051 3-3.

257 1070 304 1099 ῥβ.
327 1063 449 1089 Secunda
471 1063 546 1090 ratio.
577 1063 689 1094 Lutluui,
717 1067 744 1089 ut
774 1063 906 1098 requiem,
934 1072 988 1090 non
1009 1064 1089 1090 finem
1115 1073 1190 1097 esse,
1217 1074 1276 1091 eum

327 1103 490 1138 operationis
511 1104 597 1137 gratia
618 1103 783 1137 quiescamus
805 1107 829 1130 et
851 1112 992 1129 cessemus.
1016 1105 1041 1134 ἕ.
1064 1102 1090 1131 6.

258 1155 308 1178 77·
324 1143 414 1169 Tertia
439 1143 516 1169 ratio.
545 1143 670 1168 Meliores
700 1152 758 1169 esse
787 1152 828 1169 res
858 1143 938 1169 serias
974 1143 1090 1170 ridiculis
1116 1143 1276 1179 ludicrisque

330 1192 360 1209 ae
377 1182 488 1216 jocosis.
512 1184 537 1214 S.
560 1181 586 1210 Τ.

219 1236 248 1257 ‘l-
270 1222 397 1257 Corporis
413 1224 576 1257 roluptatuni
597 1222 752 1256 operatione
767 1222 872 1248 beatam
888 1222 967 1248 vitam
983 1231 1038 1248 non
1053 1223 1191 1250 contineri.
1207 1225 1231 1256 ὃ.
1247 1220 1275 1251 S.

191 1263 214 1289 b.
236 1262 347 1297 Caput
368 1263 492 1297 septim
502 1271 566 1288 uni:
589 1262 629 1288 De
651 1262 813 1288 beatitudine
835 1263 1049 1296 contemplativa.

220 1316 246 1332 a.
268 1302 526 1329 Praestantissimum
548 1302 740 1328 beatitudinem
763 1311 821 1328 esse
849 1303 1030 1336 operationem
1060 1303 1205 1329 secundum
1227 1304 1278 1329 vir-

270 1346 353 1368 tutem
379 1342 488 1374 mentis,
517 1342 533 1369 i.
556 1351 578 1368 e.
600 1342 656 1376 ejus
683 1342 754 1377 quod
784 1351 876 1368 eorum
903 1351 971 1377 quae
1000 1342 1026 1368 in
1055 1343 1134 1368 nobis
1155 1348 1216 1369 suut
1238 1348 1278 1369 est

271 1381 473 1408 divinissimum.
500 1383 525 1413 §.
551 1380 574 1408 l.

219 1427 247 1456 β.
269 1422 323 1448 Cur
344 1422 482 1448 beatitudo
503 1421 710 1456 contemplativa
729 1421 763 1446 sit
784 1421 1020 1455 praestantissima.
1043 1423 1068 1453 §—
1090 1419 1176 1449 2—7.

330 1475 375 1490 aaz.
398 1462 485 1488 Prima
507 1467 583 1487 ratio.
606 1462 866 1496 Contemplationem
889 1470 946 1487 esse
968 1462 1184 1496 perfectissimam
1214 1470 1277 1496 ope-

391 1501 530 1527 rationem.
552 1504 576 1533 5.
599 1498 626 1531 2,
648 1502 665 1526 l.
688 1498 774 1528 3--5,

326 1547 374 1576 βῤ.
397 1541 519 1567 Secunda
541 1541 616 1567 ratio.
639 1542 901 1574 Contemplationem
923 1550 979 1566 esse
1006 1540 1117 1567 maxime
1140 1540 1276 1566 assiduam

392 1581 583 1614 operationem.
606 1582 631 1612 S.
653 1578 680 1611 2,
702 1581 718 1605 l.
741 1578 827 1607 5-7.

330 1633 379 1654 7¹7.
393 1621 484 1646 Tertia
505 1621 581 1646 ratio.
604 1620 765 1655 Sapientiam
798 1629 855 1646 esse
866 1619 1095 1653 jucundissimam,
1107 1620 1276 1654 purissimam

392 1664 418 1686 et
439 1660 637 1686 stabilissimam
659 1660 776 1685 omnium
797 1660 902 1686 virtutis
924 1659 1117 1694 operationum.
1140 1661 1162 1693 ξ.
1185 1657 1211 1688 3.

324 1698 368 1728 δὲ.
392 1701 493 1730 Qnarta
515 1700 591 1726 ratio.
604 1700 809 1731 Beatitudinem,
824 1709 891 1734 quae
906 1700 932 1725 in
948 1709 1033 1726 rerum
1049 1700 1276 1734 contemplatione

393 1744 519 1772 versatur,
541 1739 653 1766 maxime
682 1739 732 1765 sibi
760 1739 933 1766 sufficientem
962 1748 1034 1772 esse,
1061 1740 1198 1775 alienaque
1225 1749 1275 1775 ope

390 1779 508 1814 indigere
530 1780 645 1806 minime.
669 1781 694 1811 §-
716 1777 743 1806 4.

327 1832 358 1848 εε.
391 1819 494 1850 Quinta
515 1820 590 1846 ratio.
613 1820 776 1846 Felicitatem
801 1819 1033 1854 contemplativam
1062 1820 1145 1845 solam
1167 1823 1275 1854 propter

391 1869 419 1886 se
441 1860 522 1894 diligi.
545 1861 567 1893 §.
590 1858 616 1887 5.

327 1897 373 1935 ζζ.
396 1900 475 1927 Sexta
487 1900 563 1926 ratio.
580 1899 838 1934 Contemplationem
851 1899 876 1925 in
889 1898 944 1924 otio
956 1899 1038 1925 videri
1050 1899 1136 1925 sitam.
1151 1900 1174 1931 ἓ.
1188 1896 1273 1926 6-7,

219 1953 248 1974 7.
271 1940 406 1966 Summam
430 1940 498 1966 lianc
519 1940 719 1970 beatitudinem,
741 1939 860 1975 quamvis
881 1948 936 1965 non
957 1939 991 1964 sit
1012 1939 1144 1969 hominis,
1173 1939 1274 1964 homiui

270 1984 356 2005 tamen
377 1984 536 2014 competere,
557 1989 616 2006 cum
639 1981 673 2006 sit
694 1980 776 2006 homo
797 1979 870 2014 quod
891 1979 918 2005 in
939 1988 971 2005 eo
987 1979 1055 2004 inest
1070 1978 1273 2006 divinissimum.

189 2067 211 2085 c.
233 2058 346 2093 Caput
369 2063 546 2085 octavum:
568 2059 608 2085 De
630 2058 794 2085 beatitudine
815 2058 908 2084 activa.

219 2111 245 2126 οι.
267 2098 432 2126 Felicitatem
452 2099 566 2126 activam
586 2099 738 2126 inferiorem
759 2107 817 2125 esse
839 2097 1052 2132 contemplativa.
1074 2097 1097 2130 ξ.
1122 2094 1206 2125 1-8.
