1439 2342
0 0 1439 45 —

447 103 521 130 Libra
541 102 587 129 111.
630 102 696 137 cap.
720 102 730 128 1
752 102 807 135 (ιι).
1148 100 1217 134 105

61 212 122 243 Pro
147 209 182 252 δή
205 212 314 254 legunt
336 211 368 242 ὁέ
389 211 468 250 ΝΟ,
492 212 570 249 Par,
601 215 666 249 „ut
687 210 849 249 videtui-⁶⁵,
874 210 1048 242 secundum
1072 209 1217 248 Zellium,

62 268 114 309 qui
137 267 242 299 addit:
267 279 369 306 „nam
392 268 454 305 vix,
479 266 523 298 ait
542 266 868 308 Schweighaeuserus‚
892 266 924 297 ὁέ
946 271 978 298 et
1001 263 1037 307 δή
1061 266 1219 298 discernas

60 323 92 354 in
115 323 176 354 hoc
200 323 343 361 codice“‚
367 324 405 354 cf.
431 333 516 363 supr.
541 323 618 361 adl,
644 334 670 354 c.
690 323 718 362 1,
744 323 772 364 ξ.
794 322 838 362 4),
863 321 908 354 Kb
935 323 1118 362 (secundum
1135 323 1219 354 Bek-

60 380 205 419 kerum),
228 377 286 418 Nb,
312 377 369 411 Ob.
405 397 443 403 —-
476 378 528 409 τῶν
551 377 598 420 μὲν
622 378 730 418 καλῶν)
769 379 926 419 interpres
949 389 1098 420 graecus:
1135 379 1219 410 τοῦτο

62 434 140 466 τείνοι
155 430 187 466 ἂν
202 432 270 474 πρὸς
285 432 429 467 Πλάτωνα
449 434 576 475 λέγοντα,
600 431 729 475 ἅγαὲιῦς
746 434 794 476 μὲν
809 433 940 472 ἑκουσίως
958 434 1098 475 γίνεσθαι,
1116 432 1219 473 κακοῦς

62 491 88 521 δ’
113 487 261 529 ἀκουσίως.
293 510 332 516 —-
374 488 442 523 ἔοικε
467 488 521 532 δή)
557 491 618 522 NC
642 490 682 521 ὁέ.
729 491 800 521 Hoc
827 501 890 521 non
922 495 971 521 est
1001 491 1146 532 quintum
1170 502 1219 522 ar-

61 552 246 588 gumentum
272 549 312 587 (v.
338 558 423 587 supr.
447 547 486 578 ad
511 547 538 588 ξ.
570 547 635 587 ΙΙ),
659 552 694 577 ut
718 552 831 588 putant
854 547 996 578 Thomas
1021 547 1162 588 Aquinas
1186 553 1220 579 et

63 603 226 641 Muretus,
258 604 314 635 sed
343 603 485 634 definitio
516 603 725 634 violentarum
751 603 929 640 actionum,
964 614 1058 644 quam
1087 603 1131 634 ita
1154 610 1220 635 tor-

62 664 168 700 quent,
195 659 341 691 videlicet
357 664 392 690 ut
407 660 544 691 reddant
559 659 725 697 rationem,
743 670 797 690 cur
813 659 906 690 tertio
925 663 1063 690 recurrat
1081 660 1120 699 (v.
1135 669 1220 700 supr.

62 715 100 746 ad
125 715 152 755 ξ.
176 714 237 754 10).
286 716 449 746 Summam
474 715 696 755 disputationis
728 715 767 746 (le
800 715 896 746 invite
921 715 1010 746 factis
1035 720 1222 756 praeceptor

62 770 261 802 auditoribus
282 771 311 801 in
334 771 394 802 tine
414 771 538 812 repetit.

151 827 179 867 ξ.
211 826 256 857 13.
306 827 396 867 (Cap.
416 827 462 866 11.)
511 826 664 865 ἐπιλυπεν)
691 825 838 857 ἐπίλοιπα,
858 824 903 857 Kb
927 825 1120 865 (secundum
1137 826 1221 857 Bek-

62 882 194 922 kerum),
218 880 280 917 L¹';
305 883 430 923 saepius
455 883 532 914 haec
556 886 785 923 permutantur,
812 882 850 912 cf.
875 881 943 912 infr.
969 881 1007 912 ad
1032 881 1097 919 Vll,
1123 893 1148 913 c.
1171 882 1220 920 12,

64 939 90 979 ξ.
116 939 147 971 2.
172 955 212 960 -
239 935 327 977 ἔχειν)
361 939 413 969 Sic
436 940 465 969 A
490 936 568 978 (Lb),
592 939 635 976 Β,
662 938 705 975 C,
732 938 835 975 CCC,
861 938 938 975 Par,
963 938 1057 974 Vrat,
1082 938 1138 975 H·¹‚
1164 937 1221 975 Kb,

62 991 124 1031 Mb,
149 991 206 1031 Ob,
231 994 357 1025 codices
383 994 540 1031 Turnebi,
566 995 653 1031 Ven3
680 991 755 1033 ἔχει,
780 994 863 1034 quod
888 993 1028 1034 plerique
1059 1004 1158 1034 usque
1182 994 1221 1024 ad

62 1050 194 1081 Zellium
219 1050 381 1090 legebant,
408 1051 463 1087 El,
488 1050 559 1087 NC,
583 1048 642 1087 Νι),
668 1050 793 1081 codices
818 1049 947 1080 Victorii
973 1054 1004 1079 et
1029 1049 1175 1080 Morellii.

152 1105 178 1145 ξ.
210 1104 259 1135 14.
308 1106 344 1136 (δι’
370 1097 479 1145 cis-fictur
506 1103 653 1145 πράττειν)
688 1107 747 1136 Per
779 1107 981 1146 iynwantz'am
1008 1116 1107 1145 affere.
1164 1105 1223 1136 Est

61 1160 237 1202 ignorantia
260 1171 363 1191 rerum
388 1161 606 1201 singularium,
637 1173 716 1202 quae
742 1173 814 1192 cum
839 1168 926 1192 extra
950 1172 1008 1192 nos
1034 1166 1066 1191 et
1088 1173 1106 1192 a
1130 1161 1221 1192 nobis

62 1217 126 1247 sint
150 1217 286 1254 alienae,
316 1216 343 1247 si
367 1228 384 1247 a
407 1216 498 1247 nobis
522 1217 722 1257 ignorantur,
752 1218 845 1248 venia
873 1217 939 1248 dari
969 1221 1077 1258 potest
1107 1222 1140 1248 et
1164 1217 1221 1248 im-

62 1273 198 1313 punitas.
245 1272 413 1313 Ejusmodi
436 1272 612 1313 ignorantia
638 1278 687 1304 est
716 1284 811 1305 causa
835 1278 999 1310 extranea,
1030 1272 1079 1304 vel
1102 1273 1222 1304 instru-

63 1333 202 1359 mentum
228 1333 393 1359 externum
418 1329 654 1369 quodammodo
678 1334 710 1360 et
733 1341 751 1360 a
770 1329 933 1361 voluntate
950 1333 1058 1360 nostra
1075 1329 1221 1367 alienum,

63 1385 122 1415 etsi
143 1384 174 1414 in
190 1384 291 1415 nobis.
341 1386 447 1416 Quare
463 1385 629 1415 commode
644 1385 763 1416 Noster
778 1385 853 1416 dicit
870 1386 907 1416 ’.δι’
926 1377 1045 1425 ἄγνοιαν,
1070 1389 1220 1426 tanquam

62 1440 218 1481 ejusmodi
233 1440 316 1471 facta
329 1451 394 1470 non
410 1451 466 1480 per
479 1451 562 1478 eum,
585 1441 638 1482 qui
651 1446 732 1482 agat,
755 1441 810 1472 sed
824 1441 925 1482 ipsam
942 1451 998 1481 per
1011 1441 1221 1481 ignorantiam

63 1496 148 1527 fiant.
196 1496 260 1527 Sed
293 1492 444 1536 ἀγνοοῦντα
468 1499 555 1527 ποιεῖν
580 1502 645 1528 est:
678 1498 865 1537 iynorantem
897 1507 970 1536 quae
999 1498 1142 1536 iynorare
1164 1508 1222 1528 non

63 1553 197 1583 debenms
222 1553 268 1592 (ut
291 1552 403 1589 officia,
428 1551 558 1591 bonum)
584 1563 683 1592 (tyere.
732 1552 818 1584 Quid
843 1552 883 1582 sit
906 1551 1025 1582 bonum
1050 1558 1082 1583 et
1099 1553 1222 1593 justum

62 1613 256 1649 rectumque,
281 1608 412 1645 nescire,
432 1613 482 1639 est
498 1608 598 1639 malae
615 1608 803 1645 voluntatis3
827 1612 859 1638 et
876 1608 1030 1648 ejusmodi
1046 1608 1223 1649 ignorantia

63 1675 126 1695 non
156 1669 206 1695 est
241 1669 425 1694 extraneum
456 1664 571 1705 aliquid
600 1676 617 1694 a
646 1664 809 1695 voluntate
839 1668 948 1695 nostra
978 1664 1130 1702 alienum,
1166 1666 1223 1696 sed

62 1719 251 1762 principium
275 1719 434 1750 internum
457 1725 489 1750 et
512 1719 645 1760 qualitas
670 1721 736 1761 ejus
760 1720 870 1760 ipsius,
895 1720 948 1761 qui
971 1720 1043 1760 agit.
1092 1720 1223 1761 Optime

62 1775 123 1807 hoo
146 1772 297 1815 ἀγνοοῦντα
322 1777 407 1806 ποιεῖν
428 1780 521 1806 vocat
537 1775 736 1814 Aristoteles,
763 1787 834 1807 cum
858 1775 1055 1817 participium
1078 1776 1224 1818 designet

65 1832 256 1873 qualitatem.
315 1832 461 1862 Occurrit
496 1832 579 1862 idem
614 1832 781 1863 discrimen
812 1832 843 1863 in
873 1832 1027 1873 principio
1054 1832 1220 1873 jurisperi-

64 1893 186 1919 torum:
218 1889 394 1928 Iynorcmlia
407 1889 494 1927 juris
517 1892 616 1927 nocet,
647 1890 819 1929 {yram-antia
834 1889 920 1928 facti
940 1899 999 1919 mm
1021 1892 1113 1920 nocet.
1143 1907 1180 1911 —
1207 1885 1221 1918 ὁ

64 1941 117 1983 γάρ
142 1941 253 1985 μεθύων
278 1939 295 1984 ἢ
320 1941 510 1985 ἐργιζέμενος)
542 1945 655 1975 Potest
678 1945 746 1985 quis
766 1949 895 1985 propter
919 1943 1104 1975 ebrietatem
1128 1944 1222 1974 etiam

65 2011 113 2032 res
138 2000 276 2041 singulas
300 2011 363 2030 non
387 2000 504 2039 videre,
529 2000 673 2032 sensibus
693 1999 844 2039 turbatis;
869 2000 944 2041 quin
961 2005 993 2030 et
1011 1999 1056 2030 ira
1072 2010 1110 2030 eo
1126 2000 1222 2030 vehe-

67 2056 202 2088 mentiae
225 2056 371 2097 progredi
396 2061 514 2097 potest.
561 2058 643 2088 Tum
666 2068 742 2088 sane
761 2056 866 2088 ebrius
882 2056 931 2087 vel
947 2056 1043 2086 iratus
1059 2056 1096 2086 (δι’
1113 2047 1223 2094 ἄγνοιαν

69 2110 194 2151 πράττει.
220 2124 283 2143 non
302 2110 413 2152 ἀγνοῶν.
439 2113 573 2153 exempli
590 2113 698 2154 gratia,
722 2113 758 2149 si,
784 2124 845 2155 quo
862 2112 1073 2143 instrumento
1091 2111 1223 2142 alterum

67 2167 164 2206 feriat,
190 2180 252 2199 non
271 2168 394 2206 viderit,
420 2174 452 2199 et
468 2169 643 2207 interficiat,
669 2181 741 2201 cum
759 2169 922 2200 verberare
938 2167 1081 2198 voluerit.
1125 2167 1223 2208 Ejus-

68 2224 150 2255 modi
175 2225 376 2256 homicidium
408 2236 470 2255 non
497 2230 545 2256 est
570 2232 796 2265 spontaneum,
834 2225 892 2255 etsi
925 2223 1133 2265 imputatione
1158 2234 1220 2254 non
