1444 2322
150 64 197 90 xl!
663 60 803 86 Praefatio.

237 161 452 195 Aristotelem,
479 159 641 190 Platonem
673 163 705 190 et
734 167 988 200 unumquemque
1020 155 1243 198 philosophum
1272 155 1301 188 is

149 224 272 254 demum
298 220 439 262 percipit,
464 220 515 261 qui
539 230 651 251 omnes
674 219 747 250 inde
771 230 789 250 a
808 218 942 250 Thalete
962 228 1055 249 veros
1070 227 1300 260 germanosque

149 284 355 324 philosophos
380 282 418 312 ad
442 292 641 312 communem
666 281 760 312 finem
778 279 963 316 tetendisse,
987 282 1020 310 et
1042 277 1125 310 idem
1150 277 1300 317 sensisse,

149 345 296 374 historiae
328 342 543 383 philosophiae
574 342 772 384 expositione
804 339 1085 378 ‹lemonstraverit;
1109 339 1153 371 ita
1175 344 1211 371 ut
1233 344 1301 371 tota

150 404 407 444 philosophorum
433 403 583 435 historica
607 403 703 434 series
727 413 821 433 unam
849 400 996 432 conficiat
1018 399 1158 432 veritatis
1181 401 1300 433 doctri—

150 476 238 496 nani.
272 476 364 505 qnam
397 465 521 506 quidem
553 465 681 495 ultimus
705 463 908 505 proposuerit
930 461 1136 503 philosophus
1159 461 1300 494 omnium

149 526 406 566 philosophorum
431 525 582 566 principia
605 526 635 556 in
666 536 753 556 suam
783 524 957 555 doctrinam
987 523 1181 564 conjungens
1210 523 1300 555 ideo-

150 599 211 628 que
236 587 375 617 onmium
402 586 556 627 princeps.
593 586 675 616 Eum
700 591 805 616 autem
831 585 994 626 Hegelium
1018 595 1100 623 esse,
1123 595 1217 616 nemo
1241 590 1301 623 est,

149 649 201 689 qni
221 641 290 689 jure
315 647 483 688 negaverit.
531 647 615 678 Nihil
640 647 744 678 intulit
766 657 783 678 e
807 658 863 677 sua
893 646 1094 688 philosophia
1121 646 1152 677 in
1177 645 1299 678 Aristo-

149 709 255 741 telem.
280 708 396 749 quippe
419 718 499 749 quae
522 718 560 739 ex
584 708 652 749 ipsa
668 708 860 740 Aristotelea
875 713 907 739 et
922 708 1033 749 optimi
1055 718 1207 749 cujusque
1229 707 1299 749 phi-

149 769 273 810 losophi
297 769 480 806 (Heracliti,
503 768 663 806 Platonis,
687 769 800 807 Procli,
825 768 980 807 Boehmfi,
1005 768 1179 810 Spinozae‚
1202 768 1299 800 Leib-

149 831 253 868 nitzii‚
284 830 488 871 Schellingii)
517 830 654 861 conflata
692 830 733 861 sit
762 836 795 861 et
825 830 971 862 adunata.
1030 830 1138 872 Itaque
1167 841 1238 861 cum
1267 829 1299 860 in

149 892 350 923 Aristotelem
375 891 529 932 quaedam
551 891 694 922 intulisse
710 891 840 929 dicatur,
857 890 996 922 restituit
1009 896 1131 922 tantum
1149 891 1300 933 magistro

148 965 217 991 suo,
242 963 320 994 quae
345 963 382 983 ex
405 952 475 993 ipso
500 956 660 983 mutuatus
689 958 756 991 est,
785 963 927 994 quaeque
954 953 985 984 in
1017 952 1103 984 libris
1132 953 1200 994 ejus
1225 952 1299 983 viris

149 1014 278 1046 eruditis
302 1013 477 1054 ἐκὸεὸομένα,
502 1013 606 1054 vulgo,
633 1019 668 1044 ut
687 1014 812 1055 scripsit
836 1014 904 1055 ipse
927 1014 1117 1053 Alexandro,
1142 1014 1236 1046 etiam
1260 1009 1300 1055 μὴ

149 1074 313 1116 ἐκδεδομένα
345 1074 501 1105 censenda
531 1081 614 1106 sunt.
668 1075 749 1106 Nam
780 1080 816 1106 ut
846 1086 864 1106 e
901 1080 1010 1106 nostra
1039 1080 1160 1106 tantum
1195 1079 1299 1106 aetate

149 1136 388 1177 praeteritorum
413 1141 592 1176 temporum
617 1136 714 1167 series
739 1141 846 1177 potest
861 1136 1001 1177 intelligi,
1025 1147 1096 1168 eum
1121 1146 1201 1177 quae
1224 1135 1298 1167 olim

149 1205 293 1238 separata
323 1203 355 1228 et
385 1208 495 1228 manca
524 1197 718 1235 exstiterint,
744 1198 809 1238 jam
834 1197 864 1228 in
891 1208 987 1228 unum
1011 1201 1113 1228 totum
1138 1197 1201 1229 sint
1223 1207 1299 1228 con-

144 1260 270 1300 juncta:
296 1269 340 1289 sue
365 1264 397 1289 et
420 1258 552 1288 annulus
581 1258 710 1299 quilibet
733 1258 763 1289 in
788 1269 881 1289 aurea
904 1258 954 1289 illa
971 1258 1230 1299 philosophorum
1247 1269 1299 1289 ca·

149 1325 239 1356 tena,
271 1330 363 1360 quarn
388 1318 518 1349 Proclus
549 1329 620 1350 esse
652 1319 767 1357 voluit,
799 1320 876 1350 alios
900 1331 963 1351 non
989 1324 1097 1361 potest
1119 1319 1301 1360 intelligere,

149 1392 188 1412 ne
218 1380 342 1412 criticus
371 1380 495 1421 quidem
529 1381 752 1422 philosophus,
781 1381 838 1412 sed
867 1381 967 1412 nostri
991 1381 1118 1412 demum
1149 1380 1301 1422 temporis

149 1441 347 1482 philosophia
371 1441 520 1472 eruditus.

237 1504 308 1534 Non
341 1510 446 1534 tamen
479 1503 504 1532 is
536 1513 626 1541 sum,
650 1504 702 1544 qui
734 1504 931 1545 philologieis
962 1503 1074 1534 studiis
1103 1503 1254 1544 neglectis
1284 1513 1301 1533 e

150 1564 224 1595 solis
250 1563 466 1604 philosophiae
497 1564 671 1595 rationibus
702 1565 904 1597 Aristotelem
934 1564 1151 1595 illustrandum
1180 1568 1301 1605 putem.

151 1626 231 1655 Nam
263 1625 288 1655 si
319 1625 399 1655 ullus
431 1630 571 1656 veterum
603 1626 863 1668 philosophorum
895 1626 1006 1667 (lignus
1037 1630 1104 1664 est,
1127 1625 1178 1658 cui
1199 1625 1302 1657 lucem

149 1687 259 1717 afferat
289 1686 474 1726 philologia,
506 1687 531 1717 is
556 1692 640 1718 certe
670 1693 720 1719 est
749 1687 952 1724 Aristoteles,
983 1697 1075 1728 quem
1106 1697 1169 1717 non
1199 1686 1301 1717 solum

150 1747 323 1788 principem
348 1751 486 1777 veterum
513 1748 781 1789 philosophorum,
807 1749 862 1780 sed
887 1749 981 1780 etiam
1006 1747 1140 1790 primum
1164 1747 1301 1789 philolo-

148 1819 220 1847 gum
242 1808 311 1849 jure
336 1808 498 1838 nominare
522 1809 692 1849 possimus,
716 1822 786 1841 cum
811 1816 874 1841 tam
896 1810 958 1841 late
981 1809 1118 1850 patuerit
1140 1809 1207 1850 ejus
1231 1819 1300 1840 eru-

149 1868 237 1905 ditio,
262 1879 354 1909 qunm
379 1869 534 1909 profunda
563 1870 620 1900 suit
643 1870 852 1912 philosophia.
899 1871 1056 1913 Conjunxi
1083 1870 1176 1912 igitur
1198 1870 1301 1912 philo-

150 1929 262 1969 logiam
294 1940 364 1960 cum
398 1929 613 1971 philosophia,
644 1938 679 1962 ut
710 1932 806 1963 cuivis
837 1931 1000 1973 adparebit
1028 1932 1138 1963 oculos
1160 1931 1192 1962 in
1215 1941 1303 1963 com-

150 1989 336 2021 mentarium
373 2001 476 2022 meum
513 1991 707 2033 conjicienti:
747 1993 789 2024 itu
824 1999 930 2025 tamen
966 1999 1001 2025 ut
1042 1992 1157 2034 primas
1197 1997 1303 2034 partes

150 2050 376 2090 philosophine.
402 2052 517 2092 quippe
546 2064 615 2084 cuin
646 2053 684 2084 dc
716 2053 906 2094 philosopho
938 2059 1061 2095 agatur,
1093 2053 1302 2086 concesserim
