1439 2342
456 67 526 93 Libri
548 67 566 93 1.
610 67 675 101 Cap.
698 67 735 94 111
758 67 800 101 (1).
1161 64 1204 99 17

0 205 10 239 ι
44 176 304 218 jurisconsultum
327 181 400 214 etc„
425 186 557 218 quorum
579 176 794 217 unusquisque
811 176 851 207 de
875 186 931 207 sua
954 180 1077 206 tantum
1101 176 1204 207 scien-

49 231 94 263 tia
124 231 205 264 bene
230 231 367 274 judicat:
399 242 418 263 a
440 230 650 272 philosopho,
679 232 732 273 qui
762 231 944 272 simpliciter
975 227 1094 273 (ἁπλῶς)
1123 231 1206 263 bene

44 287 181 329 judicat3
216 286 434 329 philosophiae
459 286 542 318 enim
565 287 719 329 principia
747 287 907 319 sufficiunt
935 287 976 318 ad
999 298 1109 319 omnes
1133 287 1205 326 reli-

50 354 127 385 quas
158 343 306 380 scientias
335 341 561 384 dijudicandas.
613 342 799 384 Philosophi
833 354 910 374 vero
947 354 1011 374 non
1042 343 1101 375 soli
1132 349 1207 376 sunt

26 386 33 391 .
51 398 233 440 simpliciter
255 398 331 429 boni
348 398 482 440 judices,
506 398 563 429 sed
587 403 619 430 et
639 397 689 429 alii
705 399 831 440 quidam
839 412 848 438 3
874 399 958 440 quod
973 404 1009 430 ut
1024 399 1206 440 probemus,

44 455 112 496 jam
143 454 279 495 priorem
310 453 549 486 distinctionem
577 452 630 485 τοῦ
660 453 881 496 πεπαιδευμένου
911 465 1006 496 supra
1038 455 1088 496 (ad
1120 456 1148 496 ξ.
1174 457 1204 495 4)

51 509 227 551 expositam
245 509 460 548 adhibeamus,
485 520 616 541 necesse
635 514 695 541 est.
735 509 822 541 Illam
839 521 953 551 nempe
970 510 1205 542 distinctionem
1240 512 1242 514 ’

50 570 135 598 recte
169 566 202 596 in
233 556 370 597 me'dium
407 566 539 597 afferens
570 565 750 598 Eustratius
783 577 912 598 sensum
944 567 1125 608 philosophi
1163 567 1207 599 ita

52 622 214 663 explanat:
246 618 357 663 μήποτε
382 621 413 653 δὲ
436 618 533 653 εἰδότα
556 619 604 653 καὶ
628 621 846 664 πεπαιδευμένον
869 622 994 655 ἐνταῦθα
1017 619 1049 654 οὗ
1073 620 1120 654 τᾶν
1142 621 1206 663 περὶ

52 673 170 709 ἕκαστόν
198 682 284 718 φησιν
314 675 507 720 ἐπιστήμονα,
541 674 619 710 ἄλλα
643 675 689 710 τὸν
719 677 743 709 ἔν
766 680 824 717 τοῖς
853 676 1006 720 πράγμασι
1037 676 1207 720 πολύπειρον

51 731 98 764 καὶ
122 729 267 775 δυνάμενον
283 733 338 764 πῖίν
354 730 388 764 τὸ
411 733 612 776 προτιθέμενον
634 732 670 772 εἷς
692 733 784 770 κρίσιν
806 733 844 777 τῇ
859 730 948 765 αὐτοῦ
970 735 1057 778 τριβῇ
1080 734 1207 775 παρατί-

52 793 175 827 θεσθαι,
196 786 348 822 κάντεῦθεν
370 789 466 830 κρίνειν
490 787 593 830 ὀρθῶς.
622 783 710 830 ὥςπερ
735 787 809 821 ἐστὶν
833 789 898 821 ἰδεῖν
921 787 1044 829 πολλοὺς
1066 788 1207 832 γραφικὴν

51 845 336 888 μεταχειρισαμένους
357 842 493 877 οὐδέποτε
515 843 564 877 καὶ
588 842 638 884 τας
669 843 744 885 παρ’
774 838 868 878 ἄλλων
897 846 1075 889 γραφομένας
1105 844 1208 884 εἰκόνας

51 900 212 943 δυναμένους
234 899 331 942 κρίνειν
354 898 430 933 nard
454 897 488 933 τό
510 901 581 934 δέον.
628 902 678 934 Ad
701 902 889 933 firmandam
918 902 1000 934 hanc
1024 903 1209 944 explicatio-

51 968 124 989 nem
141 957 321 989 Eustratius
341 957 624 999 praeclarissimum
640 958 778 999 respexit
796 958 894 999 ipsius
907 958 1086 990 Aristotelis
1105 959 1210 990 locum

51 1014 114 1054 (De
143 1013 285 1055 partibus
317 1013 467 1045 animant.
491 1014 520 1052 Ι,
550 1014 630 1054 init.)
639 1037 648 1052 ‚
679 1013 733 1045 ubi
763 1014 952 1046 Aristoteles
982 1014 1147 1046 scientiam
1179 1020 1211 1046 et

52 1069 195 1111 peritiam
220 1068 370 1110 (παιδείαν)
399 1069 444 1101 sic
467 1069 646 1111 distinguit:
680 1070 892 1112 πεπαιδειμένου
916 1068 977 1102 ἐστὶ
1000 1068 1076 1102 κατεῖ
1106 1068 1211 1111 τρόπον

54 1122 86 1156 τὸ
117 1123 261 1158 δύνασθαι
290 1127 381 1165 κρῖναι
411 1121 557 1165 εὐστόχως
588 1125 618 1156 τί
643 1125 736 1164 καλῶς
759 1121 779 1166 ἢ
800 1123 840 1167 μὴ
867 1126 960 1163 καλῶς
992 1123 1168 1158 εἶποδίδωα-ιν
1196 1123 1210 1157 ὅ

50 1181 147 1222 λέγων.
194 1182 238 1212 Et
261 1181 374 1213 eodem
397 1181 468 1212 loco
492 1180 588 1212 talem
611 1181 711 1212 virum
735 1181 923 1213 Aristoteles
949 1187 1044 1213 vocat
1070 1179 1116 1213 τὸν
1141 1176 1210 1220 ’ὅλως

54 1236 287 1279 πεπαιδευμένον,
310 1242 346 1268 ut
368 1242 478 1268 nostro
495 1237 565 1268 loco
589 1233 636 1267 τὸν
658 1234 722 1276 περὶ
745 1235 801 1268 πῑίν
825 1237 1054 1279 πεπαιδευμένως
1080 1238 1211 1269 alterum

54 1298 161 1325 autem
192 1292 296 1330 illum,
329 1293 381 1334 qui
409 1293 504 1324 docet
533 1292 667 1335 aliquam
697 1292 880 1332 scientiam,
910 1299 1020 1325 nostro
1046 1294 1116 1325 loco
1148 1291 1211 1334 περὶ

55 1347 174 1380 ἕκαστον
196 1348 413 1391 πεπαιδευμένον
436 1354 594 1387 vocatum,
610 1349 799 1381 Aristoteles
819 1350 963 1381 nominat
980 1349 1048 1390 περί
1060 1363 1129 1388 τινος
1153 1347 1211 1389 φύ-

53 1418 122 1444 σεως
159 1401 356 1447 οἷφωριομένης
387 1402 522 1445 κριτικόν,
554 1416 624 1436 cum
656 1406 741 1446 prior
772 1403 836 1446 περὶ
867 1403 976 1437 πάντων
1005 1403 1127 1446 κριτικός
1159 1406 1209 1437 sit.

53 1461 177 1493 Eodem
199 1461 296 1493 modo
319 1461 351 1492 in
375 1461 497 1492 Ethicis
516 1461 680 1492 Eudemiis
705 1461 739 1501 (l,
764 1460 794 1501 6)
824 1458 998 1493 ἀπαιδευσία
1022 1462 1210 1503 explicatur:

53 1514 227 1549 ἀπαιδευσία
256 1513 311 1557 γάρ
337 1517 398 1548 ἐστι
422 1514 486 1556 περὶ
511 1514 630 1548 ἕκαστον
662 1516 782 1559 πρᾶγμα
806 1514 840 1548 τό
870 1514 910 1559 μὴ
942 1515 1086 1550 δύνασθαι
1115 1516 1211 1557 κρίνειν

54 1570 117 1611 τούς
141 1569 163 1604 τ’
189 1571 302 1611 οἰκείους
325 1569 425 1613 λέγους
448 1572 500 1604 τοῦ
523 1570 691 1615 πράγματος
714 1570 763 1604 καὶ
785 1569 850 1609 τούς
873 1569 1049 1612 ἅλλοτρίους.
1091 1574 1212 1604 Nostro

53 1634 158 1661 autem
186 1629 257 1660 loco
290 1627 419 1660 παιδείαν
450 1629 489 1660 de
512 1640 572 1660 usu
601 1634 634 1660 et
658 1628 886 1660 consuetudine
914 1629 998 1660 vitae
1027 1629 1213 1670 praesertim

54 1685 169 1726 accipi,
201 1688 286 1716 recte
310 1695 344 1715 se
368 1684 480 1722 habet,
513 1685 628 1726 quippe
658 1695 729 1716 cum
753 1684 792 1715 de
814 1684 908 1716 rebus
940 1685 1069 1726 agendis
1093 1684 1125 1716 in
1148 1685 1213 1716 vita

54 1741 216 1773 hominum
240 1739 343 1772 activa
366 1746 484 1782 agatur.
508 1760 552 1766 —-
574 1737 728 1782 ἀκροατής)
755 1740 837 1772 Cum
860 1740 1019 1779 auditore,
1051 1751 1117 1772 non
1141 1752 1213 1772 cum

54 1797 170 1829 lectore
193 1807 260 1828 rem
282 1795 380 1827 habet
391 1796 592 1828 Aristoteles.
629 1796 684 1827 Illa
705 1795 800 1838 igitur
814 1807 877 1828 vox
899 1797 968 1828 luce
992 1796 1104 1828 clarius
1127 1796 1213 1834 facit,

56 1852 117 1884 hoc
140 1863 220 1894 opus
243 1851 437 1890 Aristotelis,
460 1857 496 1884 ut
519 1853 679 1894 pleraque,
700 1863 739 1883 ex
761 1852 1024 1894 praelectionibus
1049 1853 1080 1884 in
1104 1853 1214 1894 Lyceo

53 1908 169 1940 habitis
199 1914 320 1947 ortum,
344 1908 384 1940 ab
416 1908 486 1949 ipso
510 1908 683 1940 Aristotele
713 1908 765 1940 vel
794 1909 889 1940 etiam
919 1920 938 1940 a
966 1908 1117 1950 proximis
1148 1909 1222 1949 ejus

55 1964 215 2007 discipulis
238 1964 324 1996 hunc
346 1964 378 1995 in
404 1964 547 1995 ordinem
571 1964 732 1996 redactum
757 1970 851 2007 atque
875 1965 994 1996 editum
1015 1975 1096 2003 esse,
1122 1975 1214 2006 quem

54 2019 149 2052 hodie
166 2025 272 2052 servat
293 2020 374 2061 (vide
393 2031 472 2062 quae
488 2020 578 2051 initio
602 2019 693 2062 hujus
713 2020 930 2052 commentarii
947 2021 986 2052 de
1001 2020 1093 2051 titulo
1111 2019 1215 2061 operis

56 2075 306 2118 disputavimus).
324 2094 366 2098 —
392 2073 406 2107 ὁ
431 2076 495 2115 νέος)
520 2075 595 2107 Ideo
618 2076 703 2108 rudis
727 2082 777 2108 est
800 2077 969 2115 actionum,
995 2087 1074 2118 quae
1097 2076 1130 2107 in
1152 2076 1217 2108 vita

55 2138 235 2170 versantur,
261 2132 405 2173 juvenis,
437 2132 520 2173 quod
549 2143 613 2163 non
645 2132 706 2163 nisi
736 2132 821 2174 longi
850 2132 1001 2173 temporis
1033 2143 1092 2164 usu
1119 2142 1216 2173 expe-

79 2194 203 2214 commen».
211 2193 240 2214 ad
251 2194 318 2215 Arist.
326 2194 402 2214 Echion
411 2194 497 2215 Nicom.
506 2193 542 2215 ed.
552 2194 668 2214 Michelet.
1002 2185 1018 2210 2
