1439 2342
528 50 600 78 Libri
622 52 641 78 I.
683 51 748 86 Cup.
771 51 795 77 II
817 51 859 84 (I).
1249 50 1272 83 9

115 159 277 192 verissime
290 156 468 191 adnotavit‘:
489 159 587 197 „Mos
600 159 650 191 hic
663 164 713 191 est
722 159 912 197 Aristotelis,
926 163 961 190 ut
976 168 1081 200 saepe,
1095 169 1174 200 quae
1187 159 1271 190 affir-

115 226 201 246 mare
223 215 369 254 instituit,
393 226 431 247 ea
455 215 679 256 interrogando
704 215 847 247 efferat.“
884 214 1165 256 Interrogationem
1189 214 1272 245 illam

115 271 290 302 affirmandi
301 271 364 302 vim
380 270 507 309 habere,
522 271 588 312 jam
602 271 675 302 inde
690 276 789 312 patet,
803 271 888 313 quod
900 282 1127 312 nonnunquam
1147 267 1202 311 γάρ
1222 281 1273 302 se-

115 327 235 368 quitur:
252 326 331 365 VIII,
345 337 373 358 c.
386 326 436 365 13,
451 326 478 367 ξ.
492 326 502 357 l
516 327 541 365 1,
556 326 609 364 IX,
626 338 653 357 e.
666 327 716 365 12,
731 327 758 368 ξ.
771 327 805 366 13
824 327 874 358 vel
891 326 965 358 ἐπείε
982 327 1036 365 ΙΧ,
1049 327 1116 365 ο.4,
1130 325 1204 368 §.93
1224 327 1275 358 vel

116 383 228 416 saltem
252 379 289 423 δή
311 381 549 423 explicativum:
573 381 627 419 IX,
652 393 679 413 c.
708 381 758 420 10,
783 382 811 423 ξ.
840 383 907 421 1-2,
930 383 969 420 Χ,
993 394 1019 413 c.
1037 382 1068 420 9,
1094 383 1122 423 ξ.
1150 383 1217 416 1-2.
1234 401 1271 406 -

114 437 222 478 γνῶσις)
251 437 387 476 Melius,
417 449 511 479 quam
541 437 728 468 nostratium
752 437 894 478 plurimi,
926 438 978 479 qui
1002 443 1133 479 putant,
1165 439 1273 480 cogni-

115 493 234 524 tionem
266 493 304 524 ad
328 494 484 535 agendum
514 504 578 524 non
602 493 699 524 modo
727 504 790 524 non
813 493 983 535 prodesse,
1013 493 1070 525 sed
1096 493 1190 524 etiam
1214 505 1274 525 no-

116 560 196 582 cere.
216 567 253 572 —
278 545 378 590 ῥοπήν)
404 549 601 580 Eustratius:
626 546 685 580 ἀπὸ
709 548 876 591 μεταφοραῖς
900 549 953 580 τιῗιν
977 548 1079 590 ζυγῶν,
1104 546 1143 587 οἷς
1169 549 1193 580 ἐν
1218 552 1273 587 τοῖς

115 603 218 645 βάρεσι
242 602 399 647 χρώμεθα.
429 600 517 645 ὥςπερ
541 602 596 646 γάρ
622 602 662 636 ἐπ’
682 604 784 636 ἐκείνων
808 602 844 636 ni
870 603 915 637 ἐπὶ
939 602 1053 645 θάτερα
1077 601 1199 644 ῥέποντα
1222 605 1275 636 τῶν

117 660 394 703 ζυγοστατουμένων,
427 662 480 692 τῶν
511 660 690 700 κσυφοτέρων
714 660 900 701 προτίθεται,
934 657 967 699 ὥς
991 660 1195 692 λτ.ισιτελοῧντα
1220 663 1275 699 τοῖς

116 714 166 755 τοὶς
194 713 285 757 ῥοπάς
317 714 510 758 ἐξετάζουσιν,
543 711 616 747 oiim>
648 715 696 748 nai
727 717 879 757 πανταχοῦ
910 713 947 748 τοὶ
976 716 1197 757 λυσιτελέστερα
1227 715 1274 747 καὶ

117 770 322 815 ὠφελιμώτερα
344 769 434 813 ῥοπὴν
452 770 523 812 ἔχειν
541 769 609 812 πρὸς
628 773 714 803 ἐκεῖνα
735 772 857 813 λέγεται,
882 769 951 812 πρός
976 766 1048 812 ἅπερ
1065 769 1275 814 συμβάλλεται.

207 830 235 870 ξ.
260 828 290 862 3.
336 828 362 859 εἰ
383 823 493 869 δὀἷῖτω)
524 829 664 870 Intellige
687 840 760 860 cum
785 828 885 859 Zellio
917 827 982 859 ἐστί
1002 828 1067 859 sive
1091 825 1165 868 ἔχει,
1195 833 1230 859 ut
1253 828 1276 866 Ι,

118 898 144 917 c.
170 886 201 923 7,
226 885 338 926 §.143
364 896 390 916 c.
413 885 462 923 ll,
488 885 516 926 ξ.
534 885 564 916 3.
590 889 650 916 etc.
672 903 708 909 —
728 881 810 925 τύπῳ
833 898 863 925 γε
889 885 1060 924 περιλαβεῖν)
1086 884 1171 915 Nihil
1195 884 1278 914 aliud

117 946 177 980 est,
202 952 295 983 quam
318 941 429 972 rudem
452 941 497 972 rei
519 941 652 972 formam
676 951 850 983 exponere3
876 939 1143 981 quemadmodum
1165 939 1277 971 Cicero

119 997 227 1030 scribit
239 997 368 1028 Tuscul.
407 996 541 1028 Quaest.
559 996 608 1027 III.
623 996 655 1028 2.
679 995 922 1034 „adumbratam
938 996 1105 1037 imaginem
1121 995 1236 1037 gloriae
1246 997 1278 1026 :“

119 1058 151 1086 et
173 1064 231 1095 pro
249 1053 338 1085 Coel.
356 1054 386 1085 5.
411 1063 498 1090 „non
523 1063 673 1093 expressa
689 1052 787 1093 signa,
812 1052 868 1083 sed
886 1051 1070 1083 adumbrata
1084 1051 1235 1083 virtutum
1246 1055 1277 1090 ;“

119 1121 212 1152 quem
237 1113 365 1140 secutus
389 1108 563 1139 Lambinus
586 1108 697 1139 vertit:
711 1109 852 1149 formam
875 1109 1092 1140 aclmnbremm.
1131 1108 1277 1138 Muretus

119 1166 203 1203 dicit,
229 1165 313 1206 quod
336 1164 367 1195 in
391 1164 521 1206 picturis
545 1159 704 1209 ᾧπογραφή
725 1165 855 1202 (Skizze,
879 1165 1074 1204 Zez'clmzmy),
1097 1162 1129 1194 id
1153 1174 1224 1194 esse
1247 1163 1278 1194 in

119 1221 341 1254 statuariorum
377 1226 410 1252 et
441 1220 588 1251 similium
626 1220 780 1251 artificum
816 1219 964 1260 operibus
1000 1215 1088 1251 τύπον
1119 1220 1278 1258 (Modell),

119 1279 229 1310 rudem
253 1282 286 1309 et
308 1277 489 1309 inchoatam
512 1276 608 1307 futuri
631 1276 735 1318 operis
753 1275 1014 1317 designationem.
1052 1275 1279 1316 paraphrastes

120 1334 278 1376 explicat:
312 1329 472 1372 {fib-affirm
497 1329 531 1371 ὠς
556 1333 581 1364 ἐν
606 1329 697 1373 τύπῳ.
743 1332 868 1363 Eodem
892 1343 988 1363 sensu
1012 1331 1148 1362 occurrit
1169 1327 1279 1362 ὑποτυ-

121 1390 217 1422 πῶσαι
240 1389 270 1427 Ι,
296 1400 322 1420 e.
349 1390 386 1427 7,
411 1388 525 1430 §.163
556 1394 588 1420 et
610 1389 642 1420 in
665 1388 803 1430 pictura,
827 1394 863 1419 ut
886 1399 925 1419 ex
949 1388 1062 1419 eodem
1084 1388 1156 1418 loco
1180 1391 1279 1428 patet,

122 1443 298 1487 περιγράψαι
322 1450 355 1476 et
378 1441 545 1485 ἀναγράψαι
569 1444 628 1476 sibi
652 1444 799 1486 opposita
822 1448 908 1475 sunt.
957 1443 1149 1485 Saepissime
1173 1447 1278 1474 autem

120 1506 230 1534 monet
252 1500 459 1539 Aristoteles,
491 1511 635 1539 omnem,
667 1511 747 1542 quae
773 1500 811 1531 de
841 1500 936 1531 rebus
967 1500 998 1530 in
1021 1499 1143 1540 agendo
1166 1498 1278 1540 positis

119 1558 282 1596 habeatur,
308 1557 484 1588 orationem
507 1557 632 1588 rudiore
656 1557 791 1598 quadam
814 1556 916 1587 forma
939 1560 971 1586 et
994 1555 1189 1592 adumbrata,
1214 1565 1279 1585 non

121 1613 276 1656 exquisita
297 1624 401 1654 neque
425 1613 599 1646 accuratius
623 1623 772 1654 expressa
796 1616 941 1643 constare
966 1615 1129 1652 oportere:
1153 1611 1233 1642 cf.c.
1248 1610 1278 1648 3,

123 1672 149 1712 ξ.
178 1671 255 1708 1-4,
281 1682 307 1701 c.
338 1670 385 1707 11,
411 1670 438 1710 ξ.
463 1669 500 1708 23
523 1668 560 1707 Π,
585 1680 613 1700 c.
637 1669 668 1706 2,
694 1668 721 1709 ξ.
747 1668 777 1701 3.
818 1668 901 1699 Sunt
924 1667 1008 1698 enim
1032 1667 1173 1699 actiones
1198 1666 1280 1698 eirca

122 1727 253 1768 singula,
276 1725 464 1757 universalia
487 1730 592 1756 autem
617 1724 753 1755 maxime
776 1723 894 1756 scibilia
918 1723 1111 1765 (MetaphyS.
1128 1722 1152 1761 I,
1176 1723 1219 1762 2).
1240 1741 1277 1745 —

122 1781 285 1824 ἐπιστημῶν
308 1777 328 1823 ἦ
350 1779 500 1823 δυνάμεων)
533 1777 677 1822 {merium
709 1785 741 1812 et
764 1777 876 1822 δύναμις
907 1779 938 1810 in
963 1791 1001 1811 eo
1025 1779 1173 1810 differunt
1199 1778 1281 1809 inter

123 1850 174 1877 se,
204 1838 289 1880 quod
321 1834 434 1878 ὸύναμις
463 1848 560 1869 sensu
583 1836 693 1868 latiore
715 1836 883 1878 accipitur,
913 1847 1007 1878 quam
1038 1832 1198 1876 ἐπιστήμηε
1232 1839 1281 1866 est

123 1895 206 1927 enim
237 1899 270 1926 et
297 1894 427 1925 scientia
451 1898 484 1924 et
507 1904 573 1930 ars,
606 1904 678 1924 cum
709 1890 853 1934 ἐπιστήμη
882 1892 1009 1934 proprie
1038 1891 1078 1922 ad
1101 1895 1185 1922 artes
1215 1901 1280 1921 non

124 1951 319 1983 extendatur.
366 1949 547 1981 Facultates
571 1953 677 1980 autem
700 1953 733 1980 et
755 1948 905 1980 scientiae
929 1953 962 1980 et
985 1952 1067 1979 artes
1095 1947 1176 1978 hanc
1200 1956 1280 1987 quo-

124 2017 185 2049 que
209 2006 250 2038 ob
275 2017 401 2038 causam
428 2005 509 2046 (vide
534 2016 628 2047 supra
651 2005 690 2036 ad
714 2016 740 2036 c.
760 2005 789 2044 1,
815 2005 842 2046 ξ.
858 2006 888 2048 4,
906 2016 937 2046 p.
951 2005 982 2044 4)
1008 2008 1171 2040 vocantur,
1197 2002 1281 2044 quod
1301 2003 1303 2007 ’

125 2063 248 2094 actione
272 2062 465 2103 singulorum
490 2062 645 2103 indigent,
670 2066 706 2092 ut
729 2061 768 2092 ad
792 2065 897 2092 actum
922 2060 1149 2102 perducantur,
1174 2058 1281 2099 singu—

125 2120 226 2151 lorum
250 2119 342 2160 igitur
365 2117 564 2150 facultatibus
589 2117 800 2150 continentur.
