1439 2342
165 47 239 84 222
505 46 686 75 Commenta.
708 44 742 73 ad
762 45 872 74 Ari-tot.
892 45 980 73 Ethie.
1002 45 1106 72 Nicom.

168 156 218 191 οὐκ
242 157 301 190 ἔστι
325 156 424 197 κυρίως
447 151 545 197 ἁρετὴ,
569 151 636 188 ἀλλ’
661 153 761 195 affige.
783 153 821 198 τῇ
845 150 943 197 ἀρετῇ.
990 153 1202 186 Commodum
1225 152 1321 186 etiam
1374 143 1378 148 '

167 215 320 248 rationem
344 213 434 244 affert
458 212 614 250 Muretus,
642 221 696 242 cur
720 211 830 242 tertius
853 210 946 252 hujus
969 209 1038 241 libri
1061 215 1213 242 tractatus
1237 209 1322 251 (vide
1367 229 1375 241 k

170 272 386 312 Conspectum
410 269 571 307 nostrum)
604 267 643 299 de
672 267 835 309 voluptate
865 272 898 298 et
921 266 1030 298 dolore
1053 266 1096 298 illi
1115 265 1323 308 disputationi
1370 259 1379 274 ³

168 327 389 369 subjungatur,
420 325 556 356 scilicet:
592 323 765 366 „quoniam
800 323 995 356 continentia
1024 328 1058 354 et
1085 323 1324 363 incontinentia,

169 394 311 426 quaeque
333 383 377 414 eis
402 382 501 413 vicina
526 386 610 418 sunt,
636 380 802 411 tolerantia
826 385 859 411 et
881 379 976 411 animi
999 379 1181 418 mollitudo,
1212 380 1243 411 in
1266 391 1324 412 vo-

168 440 288 480 luptate
328 438 496 480 praecipue
536 437 742 479 molestiaque
777 439 981 468 cernuntur.“
1009 454 1054 460 —-
1090 430 1244 479 ”Ομηρος)
1275 436 1324 469 Cf.

169 496 253 528 Iliad.
278 495 391 533 XXlV,
416 506 444 526 v.
469 493 641 526 258-259.

258 553 284 594 ᾧ.
310 553 340 585 2.
388 547 451 582 οῧὸἒ
483 549 606 591 θηρίου)
643 550 885 591 paraphrastes:
922 546 970 581 διεὶ
1001 545 1034 580 τό
1065 545 1104 591 μὴ
1135 545 1208 590 μετοὶ
1237 545 1326 589 λόγου

170 610 257 642 ποιεῖν
287 603 304 649 ἢ
335 603 415 642 παρά
440 603 486 637 τὸν
509 603 602 647 λόγον.
626 625 670 630 -
715 602 780 637 otio}
811 606 905 644 θεοῦ)
943 606 994 638 Dii
1024 617 1086 637 non
1119 606 1234 637 activas
1265 605 1326 637 vir—

171 672 273 703 tutes,
305 665 360 696 sed
385 663 484 694 solam
509 663 787 704 contemplativam
817 663 998 703 possident3
1030 663 1068 694 cf.
1093 662 1162 693 infr.
1186 661 1227 700 X,
1251 673 1278 693 c.
1294 660 1326 699 8,

171 723 198 764 ᾧ.
217 720 300 754 7-8.
348 720 495 761 Dicitque
519 720 764 760 Pamphi-astes,
801 719 957 750 heroicam
984 719 1130 750 virtutem
1162 729 1225 750 non
1258 729 1328 750 esse

170 777 270 819 κυρίως
294 773 404 818 ἀρετήν,
428 776 544 819 quippe
568 787 638 807 cum
658 787 733 814 non,
757 781 792 807 ut
814 775 949 806 humana
966 775 1075 814 virtus,
1099 774 1328 808 consuetudine

172 841 204 867 et
233 834 375 866 doctrina
407 833 594 874 acquiratur.
642 832 740 873 Cujus
773 832 817 864 rei
846 832 1009 863 Aristoteli
1043 831 1094 863 hic
1124 832 1156 863 in
1187 837 1327 863 mentem

170 891 286 929 venire,
311 891 422 921 mirum
449 900 513 920 non
537 894 596 920 est.
642 889 725 920 Nam
750 899 821 920 cum
845 889 944 920 virtus
974 888 1100 921 heroica
1130 888 1172 920 sit
1194 888 1288 920 insita
1311 899 1329 920 a

172 955 297 986 natura,
322 946 497 977 differentia
521 941 622 986 ἀρετῆς
644 943 741 985 κυρίας
764 951 797 976 et
820 940 921 986 ἀρετῆς
945 945 1082 986 φυσικῆς,
1110 956 1203 987 quam
1227 945 1329 986 capite

172 1003 283 1034 ultimo
308 1002 377 1033 libri
401 1002 620 1044 praecedentis
644 1007 872 1043 proposuerat,
902 1013 973 1033 eum
998 1002 1037 1033 ad
1061 1002 1143 1034 hanc
1166 1002 1328 1034 notionem

172 1059 295 1090 virtutis
322 1059 467 1090 heroicae
498 1058 620 1089 deferre
652 1058 773 1098 potuit,
809 1069 890 1100 quae
924 1058 973 1090 hic
1007 1063 1040 1089 et
1068 1058 1140 1089 ideo
1171 1069 1229 1090 suo
1259 1058 1330 1090 loco

172 1121 339 1153 tractatur,
363 1114 448 1157 quod
472 1126 534 1145 non
559 1115 684 1155 proprie
708 1115 826 1153 virtus,
853 1120 959 1145 tamen
984 1120 1020 1146 ut
1042 1115 1287 1146 instrumentum
1311 1126 1330 1147 a

172 1179 284 1203 natura
315 1172 421 1202 datum
453 1172 491 1202 ad
520 1171 718 1202 efficiendam
752 1170 979 1202 beatitudinem
1003 1170 1156 1211 imprimis
1179 1171 1261 1203 facit.
1287 1188 1325 1196 -

173 1225 264 1268 ἕτερόν
294 1240 322 1259 τι
351 1227 424 1268 γένος
454 1226 574 1266 κακίας)
610 1228 742 1258 Zellius:
779 1227 976 1264 „Genitivus
1011 1226 1110 1266 κακίας
1141 1227 1257 1268 regitur
1288 1227 1327 1259 ab

173 1281 294 1325 i'rzpcvf‘
340 1284 461 1316 Feritas
486 1290 590 1314 autem
616 1295 634 1314 a
655 1284 730 1314 vitio
756 1283 879 1314 diversa
903 1289 961 1321 est,
987 1285 1058 1326 quia
1082 1295 1100 1314 a
1123 1290 1234 1315 natura
1253 1293 1327 1325 pro-

173 1341 332 1377 ficiscitur,
357 1352 432 1376 non,
456 1346 491 1370 ut
513 1340 624 1370 vitium
651 1345 682 1370 et
705 1339 804 1370 virtus
829 1340 976 1377 humana,
1005 1350 1023 1370 a
1045 1340 1284 1371 consuetudine.

261 1396 288 1438 ξ.
315 1396 344 1428 3.
391 1398 492 1435 Σεῒος)
530 1396 664 1428 Coraes:
702 1392 763 1427 Καὶ
791 1392 846 1436 γάρ
884 1395 910 1428 οἱ
938 1392 1069 1434 Λάκωνες
1092 1392 1159 1428 Σιόν
1188 1393 1236 1428 τὸν
1262 1391 1329 1430 θεὸν

175 1450 278 1494 ἔλεγον,
301 1450 349 1484 καὶ
371 1450 525 1493 Σιοκὲρους
546 1449 609 1490 τοὺς
625 1449 790 1492 Βεσκόρευς,
814 1446 849 1491 ὥς
872 1456 958 1494 φησιν
978 1448 1129 1492 Ἣσύχιος.

264 1510 290 1551 ξ.
317 1509 347 1541 l.
394 1506 524 1549 ὕστερον)
561 1509 609 1541 Cf.
634 1509 711 1540 infra
735 1520 762 1540 c.
779 1511 810 1547 5,
835 1514 868 1540 et
891 1520 917 1540 c.
935 1508 965 1547 6,
991 1509 1019 1550 ᾧ.
1037 1508 1118 1541 6-7.
1146 1526 1183 1532 -
1230 1511 1330 1550 μαλα-

175 1565 235 1605 ‚dag
257 1564 305 1598 καὶ
329 1566 458 1607 τρυφῆς)
498 1566 583 1597 Haec
614 1566 676 1596 duo
701 1565 830 1596 nomina
854 1576 923 1596 cum
949 1576 1045 1596 unum
1068 1564 1209 1596 habitum
1234 1564 1329 1605 signi-

176 1623 272 1654 ficent
297 1623 345 1661 (cf.
368 1623 437 1652 infr.
461 1633 488 1654 c.
507 1623 536 1660 7,
562 1622 589 1663 ᾧ.
608 1623 653 1660 5),
677 1627 811 1663 quatuor
834 1627 957 1652 tantum
982 1621 1107 1652 habitus
1124 1626 1234 1652 auctor
1256 1631 1330 1662 pro-

118 1702 128 1711 .
176 1679 246 1717 fert,
269 1690 401 1720 quorum
426 1679 455 1709 in
481 1678 685 1720 sequentibus
701 1681 742 1718 (c.
760 1677 856 1717 3-10)
873 1677 1072 1710 definitiones
1088 1683 1122 1710 et
1136 1677 1330 1710 differentiae
1379 1702 1383 1710 ,

177 1735 410 1767 accuratissime
435 1742 645 1776 exponuntur.

268 1792 295 1832 ᾧ.
320 1791 350 1823 5.
397 1788 528 1832 μάλιστα
551 1790 598 1833 μὲν
622 1785 678 1830 οὖν)
715 1791 836 1832 Repete
860 1801 878 1822 e
901 1790 1162 1832 praecedentibus
1186 1786 1329 1823 δεικνύναι.

180 1847 341 1880 Bekkerus
366 1847 539 1878 secundum
563 1847 613 1886 El,
640 1847 743 1885 CCC,
768 1848 846 1885 Par,
870 1847 938 1879 Ven
962 1852 994 1878 et
1016 1857 1108 1884 suos,
1139 1852 1176 1878 ut
1196 1847 1330 1886 videtur,

179 1904 304 1936 codices
329 1897 373 1935 οὖν
398 1905 566 1942 omittens,
599 1909 719 1934 mutata
742 1903 1012 1945 interpunctione,
1035 1899 1167 1945 μάλιστα
1188 1902 1236 1945 μέν
1258 1914 1330 1936 cum

178 1960 439 2003 praecedentibus
464 1959 635 2002 conjunxit.

269 2017 363 2058 (Cap.
388 2017 436 2057 ll.)
484 2017 511 2058 ξ.
536 2016 567 2050 6.
613 2016 839 2057 Parapbrastes
859 2027 915 2047 sex
931 2016 1096 2058 opiniones
1112 2015 1156 2047 ita
1172 2019 1330 2047 numerat:

180 2073 208 2115 ξ.
226 2072 255 2105 6.
280 2074 361 2104 linea
383 2072 412 2105 4.
438 2072 564 2113 πρῶτον,
588 2072 608 2103 l.
628 2071 658 2103 6.
683 2069 826 2112 δεύτερον,
851 2072 870 2103 l.
891 2072 922 2106 8.
947 2071 1057 2113 τρίτον,
1081 2073 1101 2104 l.
1126 2072 1156 2105 9.
1180 2071 1330 2111 τέταρτονς

181 2129 208 2171 ξ.
227 2130 256 2161 7.
280 2129 299 2161 l.
328 2130 354 2161 1.
380 2128 522 2170 πέμπων,
546 2128 565 2159 Ι.
591 2127 621 2160 4.
646 2126 733 2161 ἕκτεν.
769 2128 956 2170 Accinjolus,
981 2129 1034 2171 qui
1049 2134 1082 2161 et
1097 2129 1165 2170 ipse
1184 2139 1240 2161 sex
1255 2129 1332 2160 citat
