1439 2342
211 71 286 107 266
503 75 682 102 Commenta.
704 74 738 102 nd
759 75 868 103 Aristot.
890 75 977 105 Echio.
998 75 1102 104 Ninon.

211 183 310 214 Bonis
335 187 439 214 autem
463 193 575 214 suaves
599 193 662 214 non
687 183 747 214 nisi
770 183 856 215 boni.
882 183 977 225 Cogit
999 174 1089 223 ‹im-qs,
1111 186 1148 214 ut
1168 178 1233 221 τούς
1257 181 1361 224 ejicia-

213 249 293 269 mus.
318 256 361 260 —
386 234 480 275 αὐτοῖς
503 234 642 278 ὑπάρξει)
666 234 786 280 ὑπάρξει
810 235 904 278 αὐτοῖς
928 227 1119 271 Cardaellus
1143 243 1176 270 et
1197 237 1360 270 Bekkerus

211 293 384 325 secundum
409 294 463 331 H',
487 292 544 331 Kb,
570 292 633 331 Nb,
658 292 716 325 O'·.

299 350 326 390 ξ.
352 350 382 381 5.
429 348 583 390 ζητοῦσιν)
631 349 720 380 Talia
750 349 776 381 si
806 355 1008 391 quaererent,
1038 361 1109 381 cum
1139 349 1230 381 bonis
1259 349 1361 381 dulcia

212 409 265 435 aut
289 415 360 435 cum
386 404 528 436 dulcibus
554 405 640 436 utilia
664 405 904 446 copularentur:
944 406 982 437 cf.
1013 416 1107 447 supra
1138 417 1164 437 c.
1195 406 1232 444 4,
1263 405 1291 447 ᾧ.
1324 405 1358 444 1;

210 466 242 492 et
265 461 345 492 infra
368 461 395 501 ᾧ.
420 460 450 492 6.
549 497 554 502 .

299 517 326 558 ξ.
352 516 382 549 6.
428 511 618 557 ὑπερέχοντι)
650 528 693 549 sc.
723 517 789 548 κατ’
814 516 942 558 ἐξουσίαν
972 522 1007 548 ut
1034 517 1279 559 paraphrastes,
1309 516 1358 548 vel
1408 524 1413 532 ·

208 568 285 604 nurci
309 569 356 613 τὴν
380 569 493 614 δύναμιν
516 578 551 603 ut
575 573 728 614 Aspasius
752 573 843 604 dicit:
869 579 900 605 et
921 568 1096 614 ὗπερέχηται
1120 573 1158 604 de
1178 573 1289 604 eodem
1306 572 1359 604 illo

208 628 330 670 potenti
347 628 470 667 dicitur,
494 624 696 670 ὑπερεχόμενος
713 629 921 668 (Fritzschius
943 625 956 660 ὂ
974 630 1069 667 addit,
1087 629 1142 660 sed
1160 640 1223 660 non
1243 639 1261 660 e
1277 629 1358 668 Ven,

207 690 242 716 ut
257 684 389 715 Zellium
415 684 577 722 exscribit)
603 690 706 716 autem
732 685 770 716 de
793 685 905 724 amico,
929 685 980 727 qui
993 685 1136 727 potentia
1150 684 1276 716 inferior
1298 691 1357 716 est.

207 741 390 782 Aequalitas
415 745 510 783 atque
534 741 613 772 adeo
643 740 778 772 amicitia
808 751 878 772 esse
901 752 964 772 non
988 746 1111 782 potest,
1136 741 1195 772 nisi
1218 741 1357 782 potentis

207 797 326 829 amicus
350 797 466 829 virtute
489 802 611 828 tantum
636 791 786 838 praestat,
818 802 969 839 quantum
994 802 1107 838 potens
1131 797 1198 838 ipse
1222 797 1357 829 auctori·
1402 799 1409 807 “

207 858 281 884 tate.
307 853 459 894 Aspasius
484 851 616 890 τοιοῦτοι,
641 853 725 895 quod
749 853 900 895 sequitur,
925 853 963 884 de
987 858 1118 894 potente
1142 853 1256 894 accipit
1279 854 1356 892 (Fe-

180 923 181 927 ,
206 909 319 940 liciano
344 909 483 950 pressius
507 909 852 950 euminterpretante):
878 909 986 948 „Cum
1012 909 1053 940 illi
1070 909 1121 950 qui
1147 915 1220 940 sunt
1243 909 1273 940 in
1297 920 1356 952 po-

204 965 372 996 testatibus
396 965 575 1006 hujusmodi
601 965 730 996 minime
755 966 828 1003 sint,
859 970 894 996 ut
917 965 1018 996 bonos
1042 965 1124 996 viros
1148 970 1298 1007 tanquam
1322 976 1356 998 se

204 1021 441 1052 excellentiores
466 1021 667 1059 admirentur,
691 1021 728 1052 fit
751 1027 786 1052 ut
803 1021 878 1053 boni
901 1021 957 1053 viri
973 1032 1081 1053 eorum
1107 1021 1274 1052 amicitiam
1291 1032 1355 1054 non

203 1077 374 1108 admodum
395 1081 590 1109 sectentur.“
637 1078 812 1120 Giphanius
829 1089 902 1110 vero
920 1078 958 1108 ad
975 1076 1098 1109 τοιοῧτσι
1123 1077 1250 1119 supplet
1265 1075 1354 1117 φίλοι.

203 1133 323 1166 Quidni
346 1135 533 1176 utrumque?
580 1134 825 1176 Paraphrastes:
850 1131 909 1166 ἐπεὶ
934 1133 963 1165 ὸὲ
982 1133 1007 1165 οἱ
1030 1133 1054 1164 ἐν
1071 1132 1209 1174 ἐξουσίαις
1226 1129 1258 1165 οὗ
1282 1130 1354 1165 πάνυ

202 1189 327 1221 τοιοῦτοι
351 1188 481 1229 γίνονται,
506 1186 553 1221 διαὶ
579 1190 663 1221 τοῦτο
688 1186 752 1221 οὐδὲ
777 1189 858 1230 φίλει
883 1186 976 1228 αὐτοῖς
1001 1190 1025 1221 οἱ
1049 1191 1213 1221 σπουδαῖοι.

289 1245 317 1286 ξ.
344 1246 372 1276 7.
421 1245 516 1286 (Cap.
542 1245 636 1284 Vlll.)
670 1241 706 1276 ταὶ
729 1242 783 1286 γάρ
808 1242 898 1285 αὐταί)
924 1246 1010 1277 Haec
1032 1246 1072 1277 ad
1095 1251 1263 1288 utrumque
1283 1257 1352 1278 ver·

199 1301 274 1332 bum
300 1301 398 1333 relata
421 1307 453 1333 et
477 1301 660 1333 nominativi
684 1306 716 1332 et
737 1302 906 1332 accusativi
929 1302 1030 1333 vicem
1047 1302 1190 1344 explent3
1213 1302 1244 1333 id
1268 1302 1352 1345 quod

199 1368 216 1389 e
247 1357 442 1389 nostratibus
471 1369 534 1389 non
565 1357 697 1399 Hegelio
722 1362 856 1396 tantum,
889 1358 944 1389 sed
968 1357 1028 1399 ipsi
1053 1357 1204 1390 Schillero
1229 1359 1351 1390 accidit.

199 1413 248 1445 Cf.
272 1413 351 1445 infra
375 1425 401 1444 c.
427 1413 457 1451 7,
483 1413 511 1454 ᾧ.
536 1413 566 1446 3.

287 1470 314 1511 ᾧ.
339 1469 369 1502 8.
417 1463 459 1501 ἔτι
482 1470 512 1500 ὸὲ
536 1467 598 1507 καθ
621 1469 674 1501 καί
692 1480 754 1500 om.
776 1469 846 1508 Par,
863 1470 1101 1511 Paraphrastes‚
1126 1469 1255 1508 Comes,
1273 1469 1352 1502 Car-

199 1525 328 1557 dwellus
353 1531 386 1557 et
409 1525 572 1558 Bekkerus
597 1537 613 1557 e
636 1525 796 1558 codicibus
821 1526 886 1557 suis
910 1532 1044 1568 excepto
1068 1524 1122 1558 L¹·.
1145 1544 1175 1548 —
1201 1519 1286 1557 αὗται
1310 1525 1351 1566 αἶ)
1391 1533 1394 1538 ’

198 1582 326 1613 τοιαῦτα
350 1580 404 1620 Ll',
437 1582 566 1614 Coraes.
600 1600 642 1604 -
673 1582 790 1614 ὁεκοῧσι
814 1584 844 1614 ὁὲ
868 1582 935 1623 καί)
960 1582 1013 1614 καί
1033 1582 1137 1614 omitti
1160 1582 1226 1613 vult
1249 1582 1351 1614 Fritz·

198 1638 303 1669 schius
329 1638 504 1669 secundum
529 1637 585 1676 Kb,
612 1637 669 1670 O'¹.
696 1657 731 1661 -
759 1637 826 1670 εἶναι
849 1635 897 1670 καὶ
921 1636 1053 1681 μόνιμεν)
1078 1635 1125 1670 καὶ
1149 1635 1261 1680 μόνιμον
1284 1636 1352 1670 εἶναι
1390 1679 1393 1684 ff
1431 1656 1433 1665 x

1383 1690 1395 1699 ι

198 1694 391 1726 Cardwellus
416 1699 448 1725 et
467 1694 631 1726 Bekkerus
664 1695 839 1727 secundum
871 1695 996 1727 codices
1029 1706 1114 1734 sum,
1139 1700 1272 1736 excepto
1297 1691 1350 1726 Mb

198 1750 251 1792 qui
274 1750 431 1790 vulgatam
456 1751 567 1783 habet„

290 1806 391 1836 CAP.
418 1805 491 1835 VH.
539 1807 566 1847 ξ.
598 1807 627 1838 2.
651 1804 698 1838 καὶ
730 1803 878 1848 ἀλλήλων)
900 1806 952 1838 καί
964 1818 1027 1838 om.
1048 1807 1118 1845 Par,
1136 1804 1190 1844 L'·‚
1208 1804 1270 1844 Mb,
1291 1803 1349 1837 Ob.

285 1863 312 1903 ξ.
337 1863 367 1895 4.
415 1856 430 1894 ἓ
455 1859 489 1904 ὀὴ
521 1862 568 1904 τῆς
597 1862 694 1902 φιλίας
725 1862 791 1894 εῖναι
821 1864 914 1903 δοκεῖ)
961 1863 1048 1894 Haec
1078 1874 1141 1893 nou
1175 1866 1351 1904 agnoscunt

194 1918 245 1957 El,
270 1917 323 1950 Lh.
1047 1914 1053 1917 ¹

287 1975 378 2016 (Cap.
402 1975 465 2014 IX.)
514 1975 541 2016 ξ.
568 1975 596 2008 6.
645 1975 747 2017 ὁῆλςν)
796 1975 889 2006 Ratio
918 1975 1076 2012 redditur,
1105 1985 1159 2005 cur
1191 1973 1349 2016 quantitas

194 2031 311 2073 primas
337 2037 442 2072 partes
468 2031 610 2062 obtineat
634 2030 662 2061 in
689 2031 842 2062 amicitia:
867 2041 981 2072 nempe
999 2030 1070 2072 quia
1088 2030 1183 2061 nimia
1200 2029 1350 2060 distantia

195 2088 363 2119 amicitiam
388 2087 490 2119 solvit.

283 2144 310 2186 ᾧ.
337 2145 365 2175 7.
414 2141 454 2175 ἔτι,
477 2143 564 2186 μένει)
588 2154 631 2174 sc.
648 2141 740 2183 φιλας,
759 2147 879 2175 mutato
896 2153 1038 2174 numero.
1079 2142 1220 2174 Eandem
1236 2152 1349 2174 vocem
