<?xml version="1.0" encoding="UTF-8"?>
<!DOCTYPE html PUBLIC "-//W3C//DTD XHTML 1.0 Transitional//EN"
    "http://www.w3.org/TR/xhtml1/DTD/xhtml1-transitional.dtd">
<html xmlns="http://www.w3.org/1999/xhtml" xml:lang="en" lang="en">
 <head>
  <title>
</title>
<meta http-equiv="Content-Type" content="text/html;charset=utf-8" />
  <meta name='ocr-system' content='tesseract 3.04.00' />
  <meta name='ocr-capabilities' content='ocr_page ocr_carea ocr_par ocr_line ocrx_word'/>
</head>
<body>
  <div class='ocr_page' id='page_1' title='image "./ethicorumnicomac02arisuoft_0076.png"; bbox 0 0 1439 2342; ppageno 0'>
   <div class='ocr_carea' id='block_1_1' title="bbox 171 47 1052 90">
    <p class='ocr_par' dir='ltr' id='par_1_1' title="bbox 171 47 1052 90">
     <span class='ocr_line' id='line_1_1' title="bbox 171 47 1052 90; baseline -0.011 -7"><span class='ocrx_word' id='word_1_1' title='bbox 171 54 219 90; x_wconf 75' lang='grc'><strong>24</strong></span> <span class='ocrx_word' id='word_1_2' title='bbox 452 55 630 80; x_wconf 75' lang='lat' dir='ltr'><strong>Commentar.</strong></span> <span class='ocrx_word' id='word_1_3' title='bbox 658 51 691 76; x_wconf 77' lang='lat' dir='ltr'><strong>nd</strong></span> <span class='ocrx_word' id='word_1_4' title='bbox 712 49 820 77; x_wconf 75' lang='lat' dir='ltr'><strong>Aristot.</strong></span> <span class='ocrx_word' id='word_1_5' title='bbox 843 48 927 75; x_wconf 81' lang='lat' dir='ltr'><strong>Etbic.</strong></span> <span class='ocrx_word' id='word_1_6' title='bbox 949 47 1052 74; x_wconf 84' lang='lat' dir='ltr'><strong>Nicom.</strong></span> 
     </span>
    </p>
   </div>
   <div class='ocr_carea' id='block_1_2' title="bbox 175 151 1335 2141">
    <p class='ocr_par' dir='ltr' id='par_1_2' title="bbox 175 151 1329 1198">
     <span class='ocr_line' id='line_1_2' title="bbox 178 151 1327 202; baseline -0.009 -7"><span class='ocrx_word' id='word_1_7' title='bbox 178 164 269 195; x_wconf 64' lang='grc' dir='ltr'><strong>αἰτίων</strong></span> <span class='ocrx_word' id='word_1_8' title='bbox 295 160 520 202; x_wconf 67' lang='grc' dir='ltr'><strong>ἀφερμωμένοιις.</strong></span> <span class='ocrx_word' id='word_1_9' title='bbox 551 159 597 188; x_wconf 83' lang='grc' dir='ltr'><strong>ὁεῖ</strong></span> <span class='ocrx_word' id='word_1_10' title='bbox 614 154 670 197; x_wconf 64' lang='grc' dir='ltr'><strong>γάρ</strong></span> <span class='ocrx_word' id='word_1_11' title='bbox 693 152 901 196; x_wconf 78' lang='grc' dir='ltr'>ὑπεραναβῆναι</span> <span class='ocrx_word' id='word_1_12' title='bbox 931 152 980 196; x_wconf 82' lang='grc' dir='ltr'><strong>τὴν</strong></span> <span class='ocrx_word' id='word_1_13' title='bbox 1003 152 1129 196; x_wconf 76' lang='grc' dir='ltr'>ψυχυιήν</span> <span class='ocrx_word' id='word_1_14' title='bbox 1160 151 1257 186; x_wconf 78' lang='grc' dir='ltr'>οὐσίαν</span> <span class='ocrx_word' id='word_1_15' title='bbox 1278 152 1327 186; x_wconf 72' lang='grc' dir='ltr'><strong>καὶ</strong></span> 
     </span>
     <span class='ocr_line' id='line_1_3' title="bbox 176 204 1327 256; baseline -0.003 -10"><span class='ocrx_word' id='word_1_16' title='bbox 176 220 211 254; x_wconf 64' lang='grc' dir='ltr'><strong>εἰς</strong></span> <span class='ocrx_word' id='word_1_17' title='bbox 242 219 299 249; x_wconf 65' lang='grc' dir='ltr'><strong>γεῖῖν</strong></span> <span class='ocrx_word' id='word_1_18' title='bbox 329 215 460 256; x_wconf 61' lang='grc' dir='ltr'><strong>γενέσθαι</strong></span> <span class='ocrx_word' id='word_1_19' title='bbox 491 210 538 243; x_wconf 76' lang='grc' dir='ltr'><strong>καὶ</strong></span> <span class='ocrx_word' id='word_1_20' title='bbox 567 208 649 249; x_wconf 55' lang='grc' dir='ltr'>θεὸν,</span> <span class='ocrx_word' id='word_1_21' title='bbox 680 204 701 242; x_wconf 63' lang='grc' dir='ltr'><em>ἃ</em></span> <span class='ocrx_word' id='word_1_22' title='bbox 722 207 793 252; x_wconf 77' lang='grc' dir='ltr'>μόνα</span> <span class='ocrx_word' id='word_1_23' title='bbox 823 206 949 250; x_wconf 69' lang='grc' dir='ltr'>πρότερα</span> <span class='ocrx_word' id='word_1_24' title='bbox 978 208 1026 251; x_wconf 76' lang='grc' dir='ltr'><strong>τῆς</strong></span> <span class='ocrx_word' id='word_1_25' title='bbox 1049 209 1148 251; x_wconf 76' lang='grc' dir='ltr'>ψυχῆς</span> <span class='ocrx_word' id='word_1_26' title='bbox 1171 207 1249 247; x_wconf 70' lang='grc' dir='ltr'>ἐστὶ,</span> <span class='ocrx_word' id='word_1_27' title='bbox 1278 222 1327 242; x_wconf 76' lang='grc' dir='ltr'><strong>και</strong></span> 
     </span>
     <span class='ocr_line' id='line_1_4' title="bbox 176 261 1327 310; baseline -0.008 -5"><span class='ocrx_word' id='word_1_28' title='bbox 176 277 267 310; x_wconf 73' lang='grc' dir='ltr'><em>ὁεῖξιιι</em></span> <span class='ocrx_word' id='word_1_29' title='bbox 291 272 413 307; x_wconf 59' lang='grc' dir='ltr'><strong>ἐκεῖθεν,</strong></span> <span class='ocrx_word' id='word_1_30' title='bbox 444 267 484 306; x_wconf 75' lang='grc' dir='ltr'><strong>τίς,</strong></span> <span class='ocrx_word' id='word_1_31' title='bbox 507 280 537 298; x_wconf 85' lang='grc' dir='ltr'><strong>τε</strong></span> <span class='ocrx_word' id='word_1_32' title='bbox 560 263 577 307; x_wconf 80' lang='grc' dir='ltr'>ἡ</span> <span class='ocrx_word' id='word_1_33' title='bbox 602 266 649 307; x_wconf 72' lang='grc' dir='ltr'><strong>τῆς</strong></span> <span class='ocrx_word' id='word_1_34' title='bbox 673 264 785 307; x_wconf 75' lang='grc' dir='ltr'>λογικῆς</span> <span class='ocrx_word' id='word_1_35' title='bbox 809 264 907 306; x_wconf 71' lang='grc' dir='ltr'><strong>ψυχῆς</strong></span> <span class='ocrx_word' id='word_1_36' title='bbox 934 261 1021 307; x_wconf 76' lang='grc' dir='ltr'>εἷρετὴ</span> <span class='ocrx_word' id='word_1_37' title='bbox 1043 262 1092 297; x_wconf 78' lang='grc' dir='ltr'><strong>καὶ</strong></span> <span class='ocrx_word' id='word_1_38' title='bbox 1113 264 1146 297; x_wconf 80' lang='grc' dir='ltr'><strong>τί</strong></span> <span class='ocrx_word' id='word_1_39' title='bbox 1164 261 1198 296; x_wconf 71' lang='grc' dir='ltr'><strong>τὸ</strong></span> <span class='ocrx_word' id='word_1_40' title='bbox 1221 265 1327 306; x_wconf 73' lang='grc' dir='ltr'>προςῆ-</span> 
     </span>
     <span class='ocr_line' id='line_1_5' title="bbox 175 312 1327 369; baseline -0.003 -13"><span class='ocrx_word' id='word_1_41' title='bbox 175 312 280 360; x_wconf 47' lang='lat' dir='ltr'><strong>„aasa&#39;</strong></span> <span class='ocrx_word' id='word_1_42' title='bbox 267 339 316 369; x_wconf 68' lang='grc' dir='ltr'><strong>τῃ</strong></span> <span class='ocrx_word' id='word_1_43' title='bbox 345 322 493 367; x_wconf 66' lang='grc' dir='ltr'><strong><em>μακάριε».</em></strong></span> <span class='ocrx_word' id='word_1_44' title='bbox 531 323 619 354; x_wconf 85' lang='lat' dir='ltr'><strong>Haec</strong></span> <span class='ocrx_word' id='word_1_45' title='bbox 642 321 674 352; x_wconf 86' lang='lat' dir='ltr'><strong>in</strong></span> <span class='ocrx_word' id='word_1_46' title='bbox 698 320 927 362; x_wconf 81' lang='lat' dir='ltr'><strong>Metaphysicis</strong></span> <span class='ocrx_word' id='word_1_47' title='bbox 948 320 1023 352; x_wconf 81' lang='lat' dir='ltr'><strong>facit</strong></span> <span class='ocrx_word' id='word_1_48' title='bbox 1044 320 1234 353; x_wconf 85' lang='lat' dir='ltr'><strong>Aristoteles</strong></span> <span class='ocrx_word' id='word_1_49' title='bbox 1255 320 1327 353; x_wconf 91' lang='lat' dir='ltr'><strong>loco</strong></span> 
     </span>
     <span class='ocr_line' id='line_1_6' title="bbox 176 376 1328 441; baseline -0.006 -27"><span class='ocrx_word' id='word_1_50' title='bbox 176 382 384 425; x_wconf 84' lang='lat' dir='ltr'><strong>pulcherrimo</strong></span> <span class='ocrx_word' id='word_1_51' title='bbox 403 379 479 420; x_wconf 79' lang='lat' dir='ltr'><strong>(xli,</strong></span> <span class='ocrx_word' id='word_1_52' title='bbox 497 380 539 418; x_wconf 82' lang='grc'><strong>7),</strong></span> <span class='ocrx_word' id='word_1_53' title='bbox 555 388 624 419; x_wconf 92' lang='lat' dir='ltr'><strong>quo</strong></span> <span class='ocrx_word' id='word_1_54' title='bbox 644 387 767 408; x_wconf 88' lang='lat' dir='ltr'><strong>summa</strong></span> <span class='ocrx_word' id='word_1_55' title='bbox 786 376 1003 418; x_wconf 82' lang='lat' dir='ltr'><strong>metaphysica</strong></span> <span class='ocrx_word' id='word_1_56' title='bbox 1014 377 1201 408; x_wconf 86' lang='lat' dir='ltr'><strong>Ethicorum</strong></span> <span class='ocrx_word' id='word_1_57' title='bbox 1212 376 1328 441; x_wconf 84' lang='lat' dir='ltr'><strong>princi-</strong></span> 
     </span>
     <span class='ocr_line' id='line_1_7' title="bbox 176 425 1327 480; baseline -0.005 -11"><span class='ocrx_word' id='word_1_58' title='bbox 176 440 227 480; x_wconf 87' lang='lat' dir='ltr'><strong>pia</strong></span> <span class='ocrx_word' id='word_1_59' title='bbox 239 438 282 469; x_wconf 84' lang='lat' dir='ltr'><strong>ita</strong></span> <span class='ocrx_word' id='word_1_60' title='bbox 294 439 531 479; x_wconf 86' lang='lat' dir='ltr'><strong>proponuntur:</strong></span> <span class='ocrx_word' id='word_1_61' title='bbox 555 447 572 474; x_wconf 89' lang='lat' dir='ltr'><em>r</em></span> <span class='ocrx_word' id='word_1_62' title='bbox 590 442 624 465; x_wconf 69' lang='lat' dir='ltr'><strong>:rs</strong></span> <span class='ocrx_word' id='word_1_63' title='bbox 627 432 697 472; x_wconf 61' lang='grc' dir='ltr'><strong>αρία</strong></span> <span class='ocrx_word' id='word_1_64' title='bbox 714 428 747 463; x_wconf 79' lang='grc' dir='ltr'><strong>τὸ</strong></span> <span class='ocrx_word' id='word_1_65' title='bbox 762 425 878 473; x_wconf 71' lang='grc' dir='ltr'><em>ηδιστον</em></span> <span class='ocrx_word' id='word_1_66' title='bbox 890 445 938 464; x_wconf 85' lang='grc' dir='ltr'><strong>και</strong></span> <span class='ocrx_word' id='word_1_67' title='bbox 955 425 1080 473; x_wconf 72' lang='grc' dir='ltr'>ἄριστον.</span> <span class='ocrx_word' id='word_1_68' title='bbox 1097 432 1122 464; x_wconf 84' lang='grc' dir='ltr'><strong>εἰ</strong></span> <span class='ocrx_word' id='word_1_69' title='bbox 1136 427 1181 464; x_wconf 81' lang='grc' dir='ltr'><strong>οὖν</strong></span> <span class='ocrx_word' id='word_1_70' title='bbox 1197 445 1283 470; x_wconf 78' lang='grc' dir='ltr'>ουτως</span> <span class='ocrx_word' id='word_1_71' title='bbox 1297 445 1327 463; x_wconf 88' lang='grc' dir='ltr'><strong>ευ</strong></span> 
     </span>
     <span class='ocr_line' id='line_1_8' title="bbox 176 485 1327 534; baseline -0.003 -11.971"><span class='ocrx_word' id='word_1_72' title='bbox 176 493 221 534; x_wconf 69' lang='grc' dir='ltr'><strong>ἔχ</strong></span> <span class='ocrx_word' id='word_1_73' title='bbox 212 508 244 531; x_wconf 69' lang='grc' dir='ltr'><strong>ει,</strong></span> <span class='ocrx_word' id='word_1_74' title='bbox 269 489 302 530; x_wconf 71' lang='grc' dir='ltr'><strong>ὥς</strong></span> <span class='ocrx_word' id='word_1_75' title='bbox 326 489 401 533; x_wconf 70' lang='grc' dir='ltr'><em>ἡμεῖς</em></span> <span class='ocrx_word' id='word_1_76' title='bbox 426 503 504 527; x_wconf 74' lang='grc' dir='ltr'><em>ποτε,</em></span> <span class='ocrx_word' id='word_1_77' title='bbox 529 485 543 520; x_wconf 82' lang='grc' dir='ltr'><em>ὃ</em></span> <span class='ocrx_word' id='word_1_78' title='bbox 566 485 632 526; x_wconf 59' lang='lat' dir='ltr'><strong>&amp;sog</strong></span> <span class='ocrx_word' id='word_1_79' title='bbox 655 485 707 525; x_wconf 75' lang='grc' dir='ltr'><em>ἀει,</em></span> <span class='ocrx_word' id='word_1_80' title='bbox 731 485 912 529; x_wconf 64' lang='grc' dir='ltr'><em>θαυμαστόν·</em></span> <span class='ocrx_word' id='word_1_81' title='bbox 935 487 962 519; x_wconf 83' lang='grc' dir='ltr'><strong>εἰ</strong></span> <span class='ocrx_word' id='word_1_82' title='bbox 981 487 1013 519; x_wconf 74' lang='grc' dir='ltr'><strong>ὁὲ</strong></span> <span class='ocrx_word' id='word_1_83' title='bbox 1035 487 1157 530; x_wconf 68' lang='grc' dir='ltr'>μᾶλλον,</span> <span class='ocrx_word' id='word_1_84' title='bbox 1183 485 1224 519; x_wconf 85' lang='grc' dir='ltr'><strong>ἔτι</strong></span> <span class='ocrx_word' id='word_1_85' title='bbox 1245 491 1327 520; x_wconf 64' lang='grc' dir='ltr'><strong>θαυ-</strong></span> 
     </span>
     <span class='ocr_line' id='line_1_9' title="bbox 176 539 1326 591; baseline -0.005 -11"><span class='ocrx_word' id='word_1_86' title='bbox 176 546 301 591; x_wconf 62' lang='grc' dir='ltr'><strong>μασηίτζ</strong></span> <span class='ocrx_word' id='word_1_87' title='bbox 292 560 359 587; x_wconf 76' lang='grc' dir='ltr'><strong><em>ρον.</em></strong></span> <span class='ocrx_word' id='word_1_88' title='bbox 392 544 451 586; x_wconf 78' lang='grc' dir='ltr'>ἔχει</span> <span class='ocrx_word' id='word_1_89' title='bbox 475 544 505 576; x_wconf 70' lang='grc' dir='ltr'><strong>ὸὲ</strong></span> <span class='ocrx_word' id='word_1_90' title='bbox 529 539 593 575; x_wconf 75' lang='grc' dir='ltr'>ωδε.</span> <span class='ocrx_word' id='word_1_91' title='bbox 617 563 661 569; x_wconf 89' lang='lat'><strong>—-</strong></span> <span class='ocrx_word' id='word_1_92' title='bbox 683 542 835 585; x_wconf 79' lang='grc' dir='ltr'><em>μηδέτερον</em></span> <span class='ocrx_word' id='word_1_93' title='bbox 857 539 985 584; x_wconf 81' lang='grc' dir='ltr'>ὑπαρχει</span> <span class='ocrx_word' id='word_1_94' title='bbox 1006 540 1123 584; x_wconf 79' lang='grc' dir='ltr'>τούτων)</span> <span class='ocrx_word' id='word_1_95' title='bbox 1155 543 1244 575; x_wconf 86' lang='lat' dir='ltr'><strong>Alter</strong></span> <span class='ocrx_word' id='word_1_96' title='bbox 1266 548 1326 581; x_wconf 78' lang='lat' dir='ltr'><strong>est,</strong></span> 
     </span>
     <span class='ocr_line' id='line_1_10' title="bbox 176 598 1326 646; baseline -0.004 -11"><span class='ocrx_word' id='word_1_97' title='bbox 176 605 226 646; x_wconf 90' lang='lat' dir='ltr'><strong>qui</strong></span> <span class='ocrx_word' id='word_1_98' title='bbox 252 613 352 645; x_wconf 86' lang='lat' dir='ltr'><strong>neque</strong></span> <span class='ocrx_word' id='word_1_99' title='bbox 375 600 526 642; x_wconf 88' lang='lat' dir='ltr'><strong>principia</strong></span> <span class='ocrx_word' id='word_1_100' title='bbox 543 600 611 640; x_wconf 87' lang='lat' dir='ltr'><strong>jam</strong></span> <span class='ocrx_word' id='word_1_101' title='bbox 635 598 732 629; x_wconf 84' lang='lat' dir='ltr'><strong>habet</strong></span> <span class='ocrx_word' id='word_1_102' title='bbox 754 609 793 630; x_wconf 86' lang='lat' dir='ltr'><strong>ex</strong></span> <span class='ocrx_word' id='word_1_103' title='bbox 808 598 929 630; x_wconf 83' lang='lat' dir='ltr'><strong>diutina</strong></span> <span class='ocrx_word' id='word_1_104' title='bbox 952 598 1155 631; x_wconf 84' lang='lat' dir='ltr'>assuetudine</span> <span class='ocrx_word' id='word_1_105' title='bbox 1174 599 1326 631; x_wconf 82' lang='lat' dir='ltr'><strong>bonarum</strong></span> 
     </span>
     <span class='ocr_line' id='line_1_11' title="bbox 175 652 1327 698; baseline -0.003 -8"><span class='ocrx_word' id='word_1_106' title='bbox 175 660 352 695; x_wconf 82' lang='lat' dir='ltr'><strong>actionum,</strong></span> <span class='ocrx_word' id='word_1_107' title='bbox 388 666 490 698; x_wconf 86' lang='lat' dir='ltr'><strong>neque</strong></span> <span class='ocrx_word' id='word_1_108' title='bbox 518 665 575 696; x_wconf 91' lang='lat' dir='ltr'><strong>per</strong></span> <span class='ocrx_word' id='word_1_109' title='bbox 604 665 638 686; x_wconf 87' lang='lat' dir='ltr'><strong>se</strong></span> <span class='ocrx_word' id='word_1_110' title='bbox 661 654 766 686; x_wconf 82' lang='lat' dir='ltr'><strong>videre</strong></span> <span class='ocrx_word' id='word_1_111' title='bbox 802 659 911 696; x_wconf 81' lang='lat' dir='ltr'><strong>potest</strong></span> <span class='ocrx_word' id='word_1_112' title='bbox 940 652 1040 695; x_wconf 68' lang='grc' dir='ltr'>(ἕχει)ι</span> <span class='ocrx_word' id='word_1_113' title='bbox 1075 655 1169 693; x_wconf 82' lang='lat' dir='ltr'><strong>alter,</strong></span> <span class='ocrx_word' id='word_1_114' title='bbox 1205 655 1257 697; x_wconf 90' lang='lat' dir='ltr'><strong>qui</strong></span> <span class='ocrx_word' id='word_1_115' title='bbox 1286 665 1327 686; x_wconf 90' lang='lat' dir='ltr'><strong>ne</strong></span> 
     </span>
     <span class='ocr_line' id='line_1_12' title="bbox 177 709 1328 755; baseline -0.003 -10"><span class='ocrx_word' id='word_1_116' title='bbox 177 715 243 746; x_wconf 82' lang='lat' dir='ltr'><strong>aliis</strong></span> <span class='ocrx_word' id='word_1_117' title='bbox 273 713 398 755; x_wconf 86' lang='lat' dir='ltr'><strong>quidem</strong></span> <span class='ocrx_word' id='word_1_118' title='bbox 420 709 622 748; x_wconf 84' lang='lat' dir='ltr'><strong>docentibus,</strong></span> <span class='ocrx_word' id='word_1_119' title='bbox 654 710 743 742; x_wconf 84' lang='lat' dir='ltr'><strong>malis</strong></span> <span class='ocrx_word' id='word_1_120' title='bbox 768 710 907 742; x_wconf 89' lang='lat' dir='ltr'><strong>moribus</strong></span> <span class='ocrx_word' id='word_1_121' title='bbox 936 709 1092 749; x_wconf 83' lang='lat' dir='ltr'><strong>imbutus,</strong></span> <span class='ocrx_word' id='word_1_122' title='bbox 1122 711 1186 742; x_wconf 86' lang='lat' dir='ltr'><strong>ulla</strong></span> <span class='ocrx_word' id='word_1_123' title='bbox 1214 715 1328 752; x_wconf 85' lang='lat' dir='ltr'><strong>postea</strong></span> 
     </span>
     <span class='ocr_line' id='line_1_13' title="bbox 177 763 1327 812; baseline -0.003 -11"><span class='ocrx_word' id='word_1_124' title='bbox 177 773 345 812; x_wconf 82' lang='lat' dir='ltr'><strong>praecepta</strong></span> <span class='ocrx_word' id='word_1_125' title='bbox 373 766 478 798; x_wconf 82' lang='lat' dir='ltr'><strong>audire</strong></span> <span class='ocrx_word' id='word_1_126' title='bbox 507 765 598 805; x_wconf 86' lang='lat' dir='ltr'><strong>velit,</strong></span> <span class='ocrx_word' id='word_1_127' title='bbox 633 777 692 798; x_wconf 87' lang='lat' dir='ltr'><strong>nec</strong></span> <span class='ocrx_word' id='word_1_128' title='bbox 720 766 872 808; x_wconf 86' lang='lat' dir='ltr'><strong>principia</strong></span> <span class='ocrx_word' id='word_1_129' title='bbox 907 777 1034 798; x_wconf 87' lang='lat' dir='ltr'><strong>cernere</strong></span> <span class='ocrx_word' id='word_1_130' title='bbox 1068 771 1179 808; x_wconf 88' lang='lat' dir='ltr'><strong>posset</strong></span> <span class='ocrx_word' id='word_1_131' title='bbox 1209 763 1327 807; x_wconf 74' lang='grc' dir='ltr'>(λάβοι).</span> 
     </span>
     <span class='ocr_line' id='line_1_14' title="bbox 176 819 1328 862; baseline -0.003 -5"><span class='ocrx_word' id='word_1_132' title='bbox 176 826 262 857; x_wconf 85' lang='lat' dir='ltr'><strong>Male</strong></span> <span class='ocrx_word' id='word_1_133' title='bbox 292 823 450 862; x_wconf 90' lang='lat' dir='ltr'><strong>nonnulli,</strong></span> <span class='ocrx_word' id='word_1_134' title='bbox 483 826 518 853; x_wconf 89' lang='lat' dir='ltr'><strong>ut</strong></span> <span class='ocrx_word' id='word_1_135' title='bbox 545 821 671 853; x_wconf 88' lang='lat' dir='ltr'><strong>codices</strong></span> <span class='ocrx_word' id='word_1_136' title='bbox 701 822 780 860; x_wconf 84' lang='lat' dir='ltr'><strong>Nc,</strong></span> <span class='ocrx_word' id='word_1_137' title='bbox 810 819 865 860; x_wconf 68' lang='lat' dir='ltr'><strong>Lb,</strong></span> <span class='ocrx_word' id='word_1_138' title='bbox 890 820 952 860; x_wconf 68' lang='lat' dir='ltr'><strong>Mb,</strong></span> <span class='ocrx_word' id='word_1_139' title='bbox 979 819 1060 862; x_wconf 74' lang='grc' dir='ltr'>ἔχσιε</span> <span class='ocrx_word' id='word_1_140' title='bbox 1096 822 1215 854; x_wconf 79' lang='lat' dir='ltr'><strong>incerta</strong></span> <span class='ocrx_word' id='word_1_141' title='bbox 1244 822 1328 854; x_wconf 88' lang='lat' dir='ltr'><strong>enim</strong></span> 
     </span>
     <span class='ocr_line' id='line_1_15' title="bbox 176 877 1329 920; baseline -0.003 -8"><span class='ocrx_word' id='word_1_142' title='bbox 176 881 255 912; x_wconf 82' lang='lat' dir='ltr'><strong>ratio</strong></span> <span class='ocrx_word' id='word_1_143' title='bbox 286 880 316 910; x_wconf 91' lang='lat' dir='ltr'><strong>in</strong></span> <span class='ocrx_word' id='word_1_144' title='bbox 341 879 473 910; x_wconf 82' lang='lat' dir='ltr'><strong>alterum</strong></span> <span class='ocrx_word' id='word_1_145' title='bbox 502 877 598 908; x_wconf 90' lang='lat' dir='ltr'><strong>modo</strong></span> <span class='ocrx_word' id='word_1_146' title='bbox 623 877 775 909; x_wconf 86' lang='lat' dir='ltr'><strong>orationis</strong></span> <span class='ocrx_word' id='word_1_147' title='bbox 804 877 979 909; x_wconf 85' lang='lat' dir='ltr'><strong>membrum</strong></span> <span class='ocrx_word' id='word_1_148' title='bbox 1004 878 1104 916; x_wconf 82' lang='lat' dir='ltr'><strong>eadit3</strong></span> <span class='ocrx_word' id='word_1_149' title='bbox 1137 882 1329 920; x_wconf 81' lang='lat' dir='ltr'><strong>quapropter</strong></span> 
     </span>
     <span class='ocr_line' id='line_1_16' title="bbox 177 925 1328 975; baseline -0.003 -8"><span class='ocrx_word' id='word_1_150' title='bbox 177 947 240 967; x_wconf 89' lang='lat' dir='ltr'><strong>non</strong></span> <span class='ocrx_word' id='word_1_151' title='bbox 264 935 344 965; x_wconf 83' lang='lat' dir='ltr'><strong>male</strong></span> <span class='ocrx_word' id='word_1_152' title='bbox 363 934 448 975; x_wconf 83' lang='lat' dir='ltr'><strong>prius</strong></span> <span class='ocrx_word' id='word_1_153' title='bbox 472 925 491 974; x_wconf 72' lang='grc' dir='ltr'><strong><em>ἦ</em></strong></span> <span class='ocrx_word' id='word_1_154' title='bbox 513 933 665 964; x_wconf 81' lang='lat' dir='ltr'><strong>omittunt</strong></span> <span class='ocrx_word' id='word_1_155' title='bbox 687 933 745 972; x_wconf 87' lang='lat' dir='ltr'><strong>El,</strong></span> <span class='ocrx_word' id='word_1_156' title='bbox 773 933 844 971; x_wconf 78' lang='grc' dir='ltr'><strong>ΝΟ,</strong></span> <span class='ocrx_word' id='word_1_157' title='bbox 869 933 967 972; x_wconf 85' lang='lat' dir='ltr'>CCC,</span> <span class='ocrx_word' id='word_1_158' title='bbox 990 933 1046 971; x_wconf 77' lang='lat' dir='ltr'><strong>H³‚</strong></span> <span class='ocrx_word' id='word_1_159' title='bbox 1070 932 1127 972; x_wconf 59' lang='lat' dir='ltr'><strong>Kb,</strong></span> <span class='ocrx_word' id='word_1_160' title='bbox 1150 932 1206 972; x_wconf 68' lang='lat' dir='ltr'><strong>Lb,</strong></span> <span class='ocrx_word' id='word_1_161' title='bbox 1228 933 1328 966; x_wconf 85' lang='lat' dir='ltr'><strong>Card-</strong></span> 
     </span>
     <span class='ocr_line' id='line_1_17' title="bbox 177 985 1328 1031; baseline -0.002 -9"><span class='ocrx_word' id='word_1_162' title='bbox 177 991 292 1022; x_wconf 77' lang='lat' dir='ltr'><strong>wellus.</strong></span> <span class='ocrx_word' id='word_1_163' title='bbox 306 1010 349 1015; x_wconf 91' lang='lat'><em>-</em></span> <span class='ocrx_word' id='word_1_164' title='bbox 364 988 416 1020; x_wconf 75' lang='grc' dir='ltr'><strong>τῶν</strong></span> <span class='ocrx_word' id='word_1_165' title='bbox 437 985 585 1029; x_wconf 70' lang='grc' dir='ltr'>Ἠσιόδου)</span> <span class='ocrx_word' id='word_1_166' title='bbox 610 988 688 1020; x_wconf 88' lang='lat' dir='ltr'>Vide</span> <span class='ocrx_word' id='word_1_167' title='bbox 714 986 781 1030; x_wconf 76' lang='grc' dir='ltr'><strong>ἔργα</strong></span> <span class='ocrx_word' id='word_1_168' title='bbox 804 985 852 1020; x_wconf 77' lang='grc' dir='ltr'><strong>καὶ</strong></span> <span class='ocrx_word' id='word_1_169' title='bbox 868 985 979 1031; x_wconf 76' lang='grc' dir='ltr'>ἡμέραι,</span> <span class='ocrx_word' id='word_1_170' title='bbox 1005 1000 1033 1020; x_wconf 92' lang='lat' dir='ltr'><strong>v.</strong></span> <span class='ocrx_word' id='word_1_171' title='bbox 1050 988 1211 1023; x_wconf 83' lang='lat'>291-295.</span> <span class='ocrx_word' id='word_1_172' title='bbox 1247 989 1328 1021; x_wconf 81' lang='lat' dir='ltr'><strong>Sen-</strong></span> 
     </span>
     <span class='ocr_line' id='line_1_18' title="bbox 177 1044 1329 1086; baseline -0.001 -9"><span class='ocrx_word' id='word_1_173' title='bbox 177 1046 307 1078; x_wconf 86' lang='lat' dir='ltr'>tentiam</span> <span class='ocrx_word' id='word_1_174' title='bbox 331 1045 436 1076; x_wconf 84' lang='lat' dir='ltr'>tritam</span> <span class='ocrx_word' id='word_1_175' title='bbox 461 1045 544 1086; x_wconf 83' lang='lat' dir='ltr'><strong>apud</strong></span> <span class='ocrx_word' id='word_1_176' title='bbox 567 1045 684 1075; x_wconf 85' lang='lat' dir='ltr'><strong>multos</strong></span> <span class='ocrx_word' id='word_1_177' title='bbox 707 1044 878 1085; x_wconf 84' lang='lat' dir='ltr'>scriptores</span> <span class='ocrx_word' id='word_1_178' title='bbox 900 1055 1074 1083; x_wconf 86' lang='lat' dir='ltr'><strong>occurrere,</strong></span> <span class='ocrx_word' id='word_1_179' title='bbox 1098 1045 1329 1076; x_wconf 80' lang='lat' dir='ltr'><strong>adnotaverunt</strong></span> 
     </span>
     <span class='ocr_line' id='line_1_19' title="bbox 177 1099 1329 1141; baseline 0.001 -9"><span class='ocrx_word' id='word_1_180' title='bbox 177 1102 232 1132; x_wconf 72' lang='lat' dir='ltr'><strong>viri</strong></span> <span class='ocrx_word' id='word_1_181' title='bbox 262 1101 362 1132; x_wconf 85' lang='lat' dir='ltr'><strong>docti:</strong></span> <span class='ocrx_word' id='word_1_182' title='bbox 405 1101 550 1132; x_wconf 89' lang='lat' dir='ltr'><strong>Ciceron.</strong></span> <span class='ocrx_word' id='word_1_183' title='bbox 589 1110 647 1141; x_wconf 88' lang='lat' dir='ltr'><strong>pro</strong></span> <span class='ocrx_word' id='word_1_184' title='bbox 678 1099 842 1138; x_wconf 80' lang='lat' dir='ltr'><strong>Cluentio,</strong></span> <span class='ocrx_word' id='word_1_185' title='bbox 879 1111 905 1132; x_wconf 91' lang='lat' dir='ltr'><strong>c.</strong></span> <span class='ocrx_word' id='word_1_186' title='bbox 938 1100 998 1139; x_wconf 85' lang='lat'><strong>31;</strong></span> <span class='ocrx_word' id='word_1_187' title='bbox 1036 1100 1103 1131; x_wconf 87' lang='lat' dir='ltr'><strong>Liv.</strong></span> <span class='ocrx_word' id='word_1_188' title='bbox 1133 1099 1239 1139; x_wconf 84' lang='lat' dir='ltr'>XXII,</span> <span class='ocrx_word' id='word_1_189' title='bbox 1270 1100 1329 1138; x_wconf 83' lang='lat'><strong>29;</strong></span> 
     </span>
     <span class='ocr_line' id='line_1_20' title="bbox 179 1155 1328 1198; baseline -0.002 -10"><span class='ocrx_word' id='word_1_190' title='bbox 179 1157 296 1188; x_wconf 88' lang='lat' dir='ltr'><strong>Herod.</strong></span> <span class='ocrx_word' id='word_1_191' title='bbox 313 1156 378 1195; x_wconf 83' lang='lat' dir='ltr'><strong>Vll,</strong></span> <span class='ocrx_word' id='word_1_192' title='bbox 406 1157 456 1194; x_wconf 89' lang='grc'><strong>16,</strong></span> <span class='ocrx_word' id='word_1_193' title='bbox 481 1157 508 1197; x_wconf 65' lang='grc' dir='ltr'><strong>ξ.</strong></span> <span class='ocrx_word' id='word_1_194' title='bbox 527 1156 563 1195; x_wconf 84' lang='grc'><strong>1;</strong></span> <span class='ocrx_word' id='word_1_195' title='bbox 586 1155 736 1197; x_wconf 85' lang='lat' dir='ltr'><strong>Sophocl.</strong></span> <span class='ocrx_word' id='word_1_196' title='bbox 761 1156 867 1198; x_wconf 85' lang='lat' dir='ltr'><strong>Antig.</strong></span> <span class='ocrx_word' id='word_1_197' title='bbox 890 1167 920 1187; x_wconf 86' lang='lat' dir='ltr'><strong>v.</strong></span> <span class='ocrx_word' id='word_1_198' title='bbox 947 1155 1104 1193; x_wconf 86' lang='lat'>720-723‚</span> <span class='ocrx_word' id='word_1_199' title='bbox 1129 1155 1328 1188; x_wconf 89' lang='lat' dir='ltr'><strong>ed.Brunck.</strong></span> 
     </span>
    </p>

    <p class='ocr_par' dir='ltr' id='par_1_3' title="bbox 177 1211 1335 2141">
     <span class='ocr_line' id='line_1_21' title="bbox 269 1211 1328 1254; baseline 0 -12"><span class='ocrx_word' id='word_1_200' title='bbox 269 1212 368 1242; x_wconf 81' lang='lat' dir='ltr'><strong>CAP.</strong></span> <span class='ocrx_word' id='word_1_201' title='bbox 398 1211 428 1241; x_wconf 92' lang='lat' dir='ltr'>V</span> <span class='ocrx_word' id='word_1_202' title='bbox 465 1212 555 1253; x_wconf 83' lang='lat' dir='ltr'><strong>(Cap.</strong></span> <span class='ocrx_word' id='word_1_203' title='bbox 585 1211 648 1251; x_wconf 84' lang='grc' dir='ltr'>ΙΙΙ).</span> <span class='ocrx_word' id='word_1_204' title='bbox 699 1211 796 1243; x_wconf 85' lang='lat' dir='ltr'><strong>Error</strong></span> <span class='ocrx_word' id='word_1_205' title='bbox 832 1222 957 1250; x_wconf 87' lang='lat' dir='ltr'><strong>eorum,</strong></span> <span class='ocrx_word' id='word_1_206' title='bbox 992 1222 1125 1254; x_wconf 86' lang='lat' dir='ltr'><strong>quorum</strong></span> <span class='ocrx_word' id='word_1_207' title='bbox 1162 1211 1328 1252; x_wconf 85' lang='lat' dir='ltr'>opiniones</span> 
     </span>
     <span class='ocr_line' id='line_1_22' title="bbox 180 1266 1329 1309; baseline -0.002 -10"><span class='ocrx_word' id='word_1_208' title='bbox 180 1269 240 1299; x_wconf 82' lang='lat' dir='ltr'><strong>hoc</strong></span> <span class='ocrx_word' id='word_1_209' title='bbox 265 1268 366 1309; x_wconf 84' lang='lat' dir='ltr'><strong>capite</strong></span> <span class='ocrx_word' id='word_1_210' title='bbox 382 1268 569 1299; x_wconf 79' lang='lat' dir='ltr'><strong>Aristoteles</strong></span> <span class='ocrx_word' id='word_1_211' title='bbox 593 1267 719 1306; x_wconf 80' lang='lat' dir='ltr'><strong>refutat,</strong></span> <span class='ocrx_word' id='word_1_212' title='bbox 743 1267 775 1299; x_wconf 88' lang='lat' dir='ltr'><strong>in</strong></span> <span class='ocrx_word' id='word_1_213' title='bbox 792 1278 831 1299; x_wconf 91' lang='lat' dir='ltr'><strong>eo</strong></span> <span class='ocrx_word' id='word_1_214' title='bbox 849 1267 1005 1304; x_wconf 86' lang='lat' dir='ltr'><strong>consistit,</strong></span> <span class='ocrx_word' id='word_1_215' title='bbox 1029 1267 1113 1309; x_wconf 90' lang='lat' dir='ltr'><strong>quod</strong></span> <span class='ocrx_word' id='word_1_216' title='bbox 1129 1278 1227 1298; x_wconf 89' lang='lat' dir='ltr'><strong>unum</strong></span> <span class='ocrx_word' id='word_1_217' title='bbox 1251 1266 1329 1298; x_wconf 73' lang='lat' dir='ltr'><strong>alte-</strong></span> 
     </span>
     <span class='ocr_line' id='line_1_23' title="bbox 180 1322 1330 1365; baseline -0.002 -10"><span class='ocrx_word' id='word_1_218' title='bbox 180 1335 310 1365; x_wconf 84' lang='lat' dir='ltr'><strong>rumque</strong></span> <span class='ocrx_word' id='word_1_219' title='bbox 344 1323 492 1354; x_wconf 83' lang='lat' dir='ltr'><strong>naturalis</strong></span> <span class='ocrx_word' id='word_1_220' title='bbox 526 1322 663 1354; x_wconf 86' lang='lat' dir='ltr'><strong>hominis</strong></span> <span class='ocrx_word' id='word_1_221' title='bbox 694 1324 870 1365; x_wconf 84' lang='lat' dir='ltr'><strong>appetitum</strong></span> <span class='ocrx_word' id='word_1_222' title='bbox 901 1334 957 1354; x_wconf 90' lang='lat' dir='ltr'><strong>seu</strong></span> <span class='ocrx_word' id='word_1_223' title='bbox 986 1323 1081 1354; x_wconf 86' lang='lat' dir='ltr'><strong>finem</strong></span> <span class='ocrx_word' id='word_1_224' title='bbox 1115 1333 1175 1363; x_wconf 90' lang='lat' dir='ltr'><strong>pro</strong></span> <span class='ocrx_word' id='word_1_225' title='bbox 1204 1333 1330 1353; x_wconf 89' lang='lat' dir='ltr'><strong>summo</strong></span> 
     </span>
     <span class='ocr_line' id='line_1_24' title="bbox 180 1377 1331 1416; baseline 0 -7"><span class='ocrx_word' id='word_1_226' title='bbox 180 1379 318 1410; x_wconf 81' lang='lat' dir='ltr'>habeant</span> <span class='ocrx_word' id='word_1_227' title='bbox 338 1378 440 1410; x_wconf 90' lang='lat' dir='ltr'><strong>bono:</strong></span> <span class='ocrx_word' id='word_1_228' title='bbox 466 1390 551 1410; x_wconf 87' lang='lat' dir='ltr'><strong>error</strong></span> <span class='ocrx_word' id='word_1_229' title='bbox 574 1379 717 1410; x_wconf 84' lang='lat' dir='ltr'><strong>Platonis</strong></span> <span class='ocrx_word' id='word_1_230' title='bbox 741 1383 791 1410; x_wconf 86' lang='lat' dir='ltr'><strong>est</strong></span> <span class='ocrx_word' id='word_1_231' title='bbox 813 1384 934 1416; x_wconf 79' lang='lat' dir='ltr'><strong>contra,</strong></span> <span class='ocrx_word' id='word_1_232' title='bbox 959 1389 1117 1410; x_wconf 89' lang='lat' dir='ltr'><strong>summum</strong></span> <span class='ocrx_word' id='word_1_233' title='bbox 1139 1377 1259 1409; x_wconf 91' lang='lat' dir='ltr'><strong>honum</strong></span> <span class='ocrx_word' id='word_1_234' title='bbox 1275 1388 1331 1409; x_wconf 88' lang='lat' dir='ltr'><strong>seu</strong></span> 
     </span>
     <span class='ocr_line' id='line_1_25' title="bbox 180 1433 1330 1476; baseline -0.001 -11"><span class='ocrx_word' id='word_1_235' title='bbox 180 1435 281 1465; x_wconf 84' lang='lat' dir='ltr'><strong>ideam</strong></span> <span class='ocrx_word' id='word_1_236' title='bbox 307 1434 381 1465; x_wconf 86' lang='lat' dir='ltr'><strong>boni</strong></span> <span class='ocrx_word' id='word_1_237' title='bbox 403 1445 532 1476; x_wconf 89' lang='lat' dir='ltr'><strong>prorsus</strong></span> <span class='ocrx_word' id='word_1_238' title='bbox 549 1434 589 1465; x_wconf 82' lang='lat' dir='ltr'><strong>ab</strong></span> <span class='ocrx_word' id='word_1_239' title='bbox 604 1434 672 1466; x_wconf 89' lang='lat' dir='ltr'><strong>istis</strong></span> <span class='ocrx_word' id='word_1_240' title='bbox 697 1434 846 1466; x_wconf 85' lang='lat' dir='ltr'><strong>naturalis</strong></span> <span class='ocrx_word' id='word_1_241' title='bbox 865 1433 1002 1465; x_wconf 89' lang='lat' dir='ltr'><strong>hominis</strong></span> <span class='ocrx_word' id='word_1_242' title='bbox 1018 1433 1132 1464; x_wconf 90' lang='lat' dir='ltr'><strong>finibus</strong></span> <span class='ocrx_word' id='word_1_243' title='bbox 1149 1434 1330 1475; x_wconf 82' lang='lat' dir='ltr'><strong>sejungere3</strong></span> 
     </span>
     <span class='ocr_line' id='line_1_26' title="bbox 182 1489 1330 1532; baseline 0 -12"><span class='ocrx_word' id='word_1_244' title='bbox 182 1501 251 1521; x_wconf 82' lang='lat' dir='ltr'><strong>cum</strong></span> <span class='ocrx_word' id='word_1_245' title='bbox 276 1501 349 1521; x_wconf 83' lang='lat' dir='ltr'><strong>vera</strong></span> <span class='ocrx_word' id='word_1_246' title='bbox 374 1490 414 1521; x_wconf 87' lang='lat' dir='ltr'><strong>sit</strong></span> <span class='ocrx_word' id='word_1_247' title='bbox 438 1490 611 1528; x_wconf 79' lang='lat' dir='ltr'><strong>sententia,</strong></span> <span class='ocrx_word' id='word_1_248' title='bbox 636 1501 729 1532; x_wconf 84' lang='lat' dir='ltr'><strong>quam</strong></span> <span class='ocrx_word' id='word_1_249' title='bbox 754 1495 882 1522; x_wconf 88' lang='lat' dir='ltr'><strong>secutus</strong></span> <span class='ocrx_word' id='word_1_250' title='bbox 905 1495 955 1522; x_wconf 84' lang='lat' dir='ltr'><strong>est</strong></span> <span class='ocrx_word' id='word_1_251' title='bbox 977 1489 1181 1527; x_wconf 82' lang='lat' dir='ltr'><strong>Aristoteles,</strong></span> <span class='ocrx_word' id='word_1_252' title='bbox 1211 1489 1330 1520; x_wconf 87' lang='lat' dir='ltr'><strong>bonum</strong></span> 
     </span>
     <span class='ocr_line' id='line_1_27' title="bbox 182 1544 1330 1588; baseline 0 -13"><span class='ocrx_word' id='word_1_253' title='bbox 182 1546 210 1575; x_wconf 90' lang='lat' dir='ltr'><strong>in</strong></span> <span class='ocrx_word' id='word_1_254' title='bbox 243 1545 385 1586; x_wconf 82' lang='lat' dir='ltr'><strong>regendis</strong></span> <span class='ocrx_word' id='word_1_255' title='bbox 415 1552 447 1577; x_wconf 88' lang='lat' dir='ltr'><strong>et</strong></span> <span class='ocrx_word' id='word_1_256' title='bbox 477 1546 516 1577; x_wconf 80' lang='lat' dir='ltr'><strong>ad</strong></span> <span class='ocrx_word' id='word_1_257' title='bbox 544 1546 699 1577; x_wconf 84' lang='lat' dir='ltr'><strong>rationem</strong></span> <span class='ocrx_word' id='word_1_258' title='bbox 732 1545 942 1588; x_wconf 86' lang='lat' dir='ltr'><strong>perducendis</strong></span> <span class='ocrx_word' id='word_1_259' title='bbox 977 1545 1169 1587; x_wconf 83' lang='lat' dir='ltr'><strong>appetitibus</strong></span> <span class='ocrx_word' id='word_1_260' title='bbox 1203 1544 1330 1576; x_wconf 78' lang='lat' dir='ltr'><strong>versari.</strong></span> 
     </span>
     <span class='ocr_line' id='line_1_28' title="bbox 183 1600 1332 1643; baseline 0.001 -13"><span class='ocrx_word' id='word_1_261' title='bbox 183 1601 301 1630; x_wconf 86' lang='lat' dir='ltr'><strong>Eorum</strong></span> <span class='ocrx_word' id='word_1_262' title='bbox 332 1606 436 1632; x_wconf 81' lang='lat' dir='ltr'><strong>autem</strong></span> <span class='ocrx_word' id='word_1_263' title='bbox 467 1602 664 1642; x_wconf 84' lang='lat' dir='ltr'><strong>appetituum</strong></span> <span class='ocrx_word' id='word_1_264' title='bbox 695 1601 845 1643; x_wconf 88' lang='lat' dir='ltr'><strong>primus</strong></span> <span class='ocrx_word' id='word_1_265' title='bbox 875 1607 925 1633; x_wconf 87' lang='lat' dir='ltr'><strong>est</strong></span> <span class='ocrx_word' id='word_1_266' title='bbox 953 1601 1001 1633; x_wconf 92' lang='lat' dir='ltr'><strong>sui</strong></span> <span class='ocrx_word' id='word_1_267' title='bbox 1028 1600 1251 1638; x_wconf 82' lang='lat' dir='ltr'><strong>conservandi,</strong></span> <span class='ocrx_word' id='word_1_268' title='bbox 1283 1600 1332 1632; x_wconf 90' lang='lat' dir='ltr'><strong>cui</strong></span> 
     </span>
     <span class='ocr_line' id='line_1_29' title="bbox 184 1655 1334 1699; baseline 0.002 -14"><span class='ocrx_word' id='word_1_269' title='bbox 184 1655 338 1695; x_wconf 79' lang='lat' dir='ltr'><strong>explendo</strong></span> <span class='ocrx_word' id='word_1_270' title='bbox 362 1656 535 1686; x_wconf 77' lang='lat' dir='ltr'><strong>inserviunt</strong></span> <span class='ocrx_word' id='word_1_271' title='bbox 558 1662 612 1688; x_wconf 83' lang='lat' dir='ltr'><strong>aut</strong></span> <span class='ocrx_word' id='word_1_272' title='bbox 635 1657 775 1698; x_wconf 87' lang='lat' dir='ltr'><strong>corporis</strong></span> <span class='ocrx_word' id='word_1_273' title='bbox 799 1657 957 1699; x_wconf 80' lang='lat' dir='ltr'><strong>voluptas,</strong></span> <span class='ocrx_word' id='word_1_274' title='bbox 981 1661 1036 1688; x_wconf 82' lang='lat' dir='ltr'><strong>aut</strong></span> <span class='ocrx_word' id='word_1_275' title='bbox 1055 1656 1191 1688; x_wconf 85' lang='lat' dir='ltr'><strong>divitiae.</strong></span> <span class='ocrx_word' id='word_1_276' title='bbox 1226 1655 1334 1688; x_wconf 81' lang='lat' dir='ltr'><strong>Possit</strong></span> 
     </span>
     <span class='ocr_line' id='line_1_30' title="bbox 184 1710 1332 1754; baseline 0.001 -13"><span class='ocrx_word' id='word_1_277' title='bbox 184 1716 216 1741; x_wconf 83' lang='lat' dir='ltr'><strong>et</strong></span> <span class='ocrx_word' id='word_1_278' title='bbox 239 1710 366 1740; x_wconf 88' lang='lat' dir='ltr'><strong>honoris</strong></span> <span class='ocrx_word' id='word_1_279' title='bbox 398 1711 550 1751; x_wconf 81' lang='lat' dir='ltr'><strong>cupiditas</strong></span> <span class='ocrx_word' id='word_1_280' title='bbox 574 1712 622 1742; x_wconf 86' lang='lat' dir='ltr'><strong>his</strong></span> <span class='ocrx_word' id='word_1_281' title='bbox 646 1713 837 1754; x_wconf 81' lang='lat' dir='ltr'><strong>appetitibus</strong></span> <span class='ocrx_word' id='word_1_282' title='bbox 866 1712 1079 1749; x_wconf 84' lang='lat' dir='ltr'><strong>annumerari,</strong></span> <span class='ocrx_word' id='word_1_283' title='bbox 1110 1712 1226 1754; x_wconf 86' lang='lat' dir='ltr'><strong>quippe</strong></span> <span class='ocrx_word' id='word_1_284' title='bbox 1249 1723 1332 1749; x_wconf 83' lang='lat' dir='ltr'><strong>cum,</strong></span> 
     </span>
     <span class='ocr_line' id='line_1_31' title="bbox 184 1765 1333 1811; baseline 0.002 -15"><span class='ocrx_word' id='word_1_285' title='bbox 184 1765 250 1796; x_wconf 79' lang='lat' dir='ltr'><strong>aliis</strong></span> <span class='ocrx_word' id='word_1_286' title='bbox 275 1776 334 1795; x_wconf 84' lang='lat' dir='ltr'><strong>nos</strong></span> <span class='ocrx_word' id='word_1_287' title='bbox 358 1765 602 1805; x_wconf 86' lang='lat' dir='ltr'><strong>honorantibus,</strong></span> <span class='ocrx_word' id='word_1_288' title='bbox 629 1768 712 1799; x_wconf 84' lang='lat' dir='ltr'><strong>fama</strong></span> <span class='ocrx_word' id='word_1_289' title='bbox 735 1773 861 1807; x_wconf 84' lang='lat' dir='ltr'><strong>nostra,</strong></span> <span class='ocrx_word' id='word_1_290' title='bbox 885 1779 965 1811; x_wconf 86' lang='lat' dir='ltr'><strong>quae</strong></span> <span class='ocrx_word' id='word_1_291' title='bbox 989 1773 1038 1799; x_wconf 89' lang='lat' dir='ltr'><strong>est</strong></span> <span class='ocrx_word' id='word_1_292' title='bbox 1060 1767 1162 1799; x_wconf 81' lang='lat' dir='ltr'><strong>verior</strong></span> <span class='ocrx_word' id='word_1_293' title='bbox 1184 1767 1267 1805; x_wconf 80' lang='lat' dir='ltr'><strong>vita,</strong></span> <span class='ocrx_word' id='word_1_294' title='bbox 1292 1766 1333 1798; x_wconf 81' lang='lat' dir='ltr'><strong>ab</strong></span> 
     </span>
     <span class='ocr_line' id='line_1_32' title="bbox 182 1820 1331 1856; baseline 0.003 -6"><span class='ocrx_word' id='word_1_295' title='bbox 182 1820 219 1851; x_wconf 88' lang='lat' dir='ltr'><strong>iis</strong></span> <span class='ocrx_word' id='word_1_296' title='bbox 243 1820 408 1851; x_wconf 83' lang='lat' dir='ltr'><strong>incolumis</strong></span> <span class='ocrx_word' id='word_1_297' title='bbox 432 1827 643 1853; x_wconf 81' lang='lat' dir='ltr'><strong>conservetur.</strong></span> <span class='ocrx_word' id='word_1_298' title='bbox 691 1824 753 1855; x_wconf 85' lang='lat' dir='ltr'><strong>Sed</strong></span> <span class='ocrx_word' id='word_1_299' title='bbox 778 1835 849 1856; x_wconf 90' lang='lat' dir='ltr'><strong>cum</strong></span> <span class='ocrx_word' id='word_1_300' title='bbox 878 1824 918 1855; x_wconf 85' lang='lat' dir='ltr'><strong>ad</strong></span> <span class='ocrx_word' id='word_1_301' title='bbox 941 1824 1095 1855; x_wconf 84' lang='lat' dir='ltr'><strong>honorem</strong></span> <span class='ocrx_word' id='word_1_302' title='bbox 1124 1822 1331 1854; x_wconf 82' lang='lat' dir='ltr'><strong>obtinendum</strong></span> 
     </span>
     <span class='ocr_line' id='line_1_33' title="bbox 177 1875 1332 1920; baseline 0.003 -14"><span class='ocrx_word' id='word_1_303' title='bbox 177 1877 244 1916; x_wconf 78' lang='lat' dir='ltr'><strong>jam</strong></span> <span class='ocrx_word' id='word_1_304' title='bbox 271 1875 401 1906; x_wconf 83' lang='lat' dir='ltr'><strong>aliorum</strong></span> <span class='ocrx_word' id='word_1_305' title='bbox 425 1875 586 1907; x_wconf 84' lang='lat' dir='ltr'><strong>voluntate</strong></span> <span class='ocrx_word' id='word_1_306' title='bbox 611 1884 644 1908; x_wconf 85' lang='lat' dir='ltr'><strong>et</strong></span> <span class='ocrx_word' id='word_1_307' title='bbox 666 1879 764 1919; x_wconf 79' lang='lat' dir='ltr'><strong>gratia</strong></span> <span class='ocrx_word' id='word_1_308' title='bbox 787 1878 879 1910; x_wconf 87' lang='lat' dir='ltr'><strong>nobis</strong></span> <span class='ocrx_word' id='word_1_309' title='bbox 902 1889 983 1920; x_wconf 90' lang='lat' dir='ltr'><strong>opus</strong></span> <span class='ocrx_word' id='word_1_310' title='bbox 1006 1878 1058 1916; x_wconf 85' lang='lat' dir='ltr'><strong>sit,</strong></span> <span class='ocrx_word' id='word_1_311' title='bbox 1081 1878 1211 1909; x_wconf 85' lang='lat' dir='ltr'><strong>honoris</strong></span> <span class='ocrx_word' id='word_1_312' title='bbox 1235 1889 1332 1920; x_wconf 80' lang='lat' dir='ltr'><strong>appe-</strong></span> 
     </span>
     <span class='ocr_line' id='line_1_34' title="bbox 183 1931 1335 1975; baseline 0.003 -14"><span class='ocrx_word' id='word_1_313' title='bbox 183 1936 258 1961; x_wconf 82' lang='lat' dir='ltr'><strong>titus</strong></span> <span class='ocrx_word' id='word_1_314' title='bbox 277 1931 343 1971; x_wconf 83' lang='lat' dir='ltr'><strong>jam</strong></span> <span class='ocrx_word' id='word_1_315' title='bbox 375 1942 438 1961; x_wconf 92' lang='lat' dir='ltr'><strong>non</strong></span> <span class='ocrx_word' id='word_1_316' title='bbox 469 1931 657 1968; x_wconf 73' lang='lat' dir='ltr'><strong>solitarium,</strong></span> <span class='ocrx_word' id='word_1_317' title='bbox 691 1934 746 1964; x_wconf 83' lang='lat' dir='ltr'><strong>sed</strong></span> <span class='ocrx_word' id='word_1_318' title='bbox 775 1935 805 1965; x_wconf 85' lang='lat' dir='ltr'><strong>in</strong></span> <span class='ocrx_word' id='word_1_319' title='bbox 837 1935 989 1966; x_wconf 85' lang='lat' dir='ltr'><strong>societate</strong></span> <span class='ocrx_word' id='word_1_320' title='bbox 1019 1934 1176 1965; x_wconf 86' lang='lat' dir='ltr'><strong>viventem</strong></span> <span class='ocrx_word' id='word_1_321' title='bbox 1211 1938 1335 1975; x_wconf 80' lang='lat' dir='ltr'><strong>spectat</strong></span> 
     </span>
     <span class='ocr_line' id='line_1_35' title="bbox 184 1985 1334 2030; baseline 0.003 -14"><span class='ocrx_word' id='word_1_322' title='bbox 184 1985 354 2017; x_wconf 83' lang='lat' dir='ltr'><strong>hominem.</strong></span> <span class='ocrx_word' id='word_1_323' title='bbox 402 1986 608 2017; x_wconf 81' lang='lat' dir='ltr'><strong>Secundus</strong></span> <span class='ocrx_word' id='word_1_324' title='bbox 638 1987 729 2028; x_wconf 80' lang='lat' dir='ltr'><strong>igitur</strong></span> <span class='ocrx_word' id='word_1_325' title='bbox 753 1991 911 2030; x_wconf 79' lang='lat' dir='ltr'><strong>appetitus</strong></span> <span class='ocrx_word' id='word_1_326' title='bbox 941 1994 990 2021; x_wconf 86' lang='lat' dir='ltr'><strong>est</strong></span> <span class='ocrx_word' id='word_1_327' title='bbox 1021 1989 1179 2030; x_wconf 79' lang='lat' dir='ltr'><strong>appetitus</strong></span> <span class='ocrx_word' id='word_1_328' title='bbox 1209 1989 1334 2020; x_wconf 79' lang='lat' dir='ltr'><strong>vivendi</strong></span> 
     </span>
     <span class='ocr_line' id='line_1_36' title="bbox 184 2041 1334 2082; baseline 0.003 -10"><span class='ocrx_word' id='word_1_329' title='bbox 184 2047 216 2072; x_wconf 88' lang='lat' dir='ltr'><strong>ct</strong></span> <span class='ocrx_word' id='word_1_330' title='bbox 247 2041 357 2082; x_wconf 85' lang='lat' dir='ltr'><strong>agendi</strong></span> <span class='ocrx_word' id='word_1_331' title='bbox 389 2041 419 2072; x_wconf 91' lang='lat' dir='ltr'><strong>in</strong></span> <span class='ocrx_word' id='word_1_332' title='bbox 444 2042 666 2073; x_wconf 79' lang='lat' dir='ltr'><strong>communione</strong></span> <span class='ocrx_word' id='word_1_333' title='bbox 697 2043 858 2076; x_wconf 84' lang='lat' dir='ltr'><strong>hominum</strong></span> <span class='ocrx_word' id='word_1_334' title='bbox 888 2051 920 2076; x_wconf 88' lang='lat' dir='ltr'><strong>ct</strong></span> <span class='ocrx_word' id='word_1_335' title='bbox 943 2050 1028 2077; x_wconf 89' lang='lat' dir='ltr'><strong>recte</strong></span> <span class='ocrx_word' id='word_1_336' title='bbox 1059 2045 1149 2077; x_wconf 83' lang='lat' dir='ltr'><strong>factis</strong></span> <span class='ocrx_word' id='word_1_337' title='bbox 1179 2045 1334 2076; x_wconf 85' lang='lat' dir='ltr'><strong>honorem</strong></span> 
     </span>
     <span class='ocr_line' id='line_1_37' title="bbox 184 2096 1334 2141; baseline 0.003 -14"><span class='ocrx_word' id='word_1_338' title='bbox 184 2096 384 2137; x_wconf 81' lang='lat' dir='ltr'><strong>adipiscendi.</strong></span> <span class='ocrx_word' id='word_1_339' title='bbox 433 2097 598 2129; x_wconf 86' lang='lat' dir='ltr'><strong>Tertius</strong></span> <span class='ocrx_word' id='word_1_340' title='bbox 622 2103 738 2137; x_wconf 80' lang='lat' dir='ltr'><strong>autem,</strong></span> <span class='ocrx_word' id='word_1_341' title='bbox 764 2100 937 2141; x_wconf 85' lang='lat' dir='ltr'><strong>etquidem</strong></span> <span class='ocrx_word' id='word_1_342' title='bbox 961 2111 1114 2138; x_wconf 87' lang='lat' dir='ltr'><strong>summus,</strong></span> <span class='ocrx_word' id='word_1_343' title='bbox 1139 2105 1189 2132; x_wconf 86' lang='lat' dir='ltr'><strong>est</strong></span> <span class='ocrx_word' id='word_1_344' title='bbox 1211 2099 1334 2141; x_wconf 89' lang='lat' dir='ltr'><strong>cupidi-</strong></span> 
     </span>
    </p>
   </div>
   <div class='ocr_carea' id='block_1_3' title="bbox 0 2159 1439 2342">
    <p class='ocr_par' dir='ltr' id='par_1_4' title="bbox 0 2159 1439 2342">
     <span class='ocr_line' id='line_1_38' title="bbox 0 2159 1439 2342; baseline 0 0"><span class='ocrx_word' id='word_1_345' title='bbox 0 2159 1439 2342; x_wconf 95' lang='lat' dir='ltr'><strong> </strong></span> 
     </span>
    </p>
   </div>
  </div>
 </body>
</html>
