1439 2342
183 73 228 107 75
458 74 636 98 (Jounnontnr.
664 72 696 97 nd
719 72 830 98 Aristar.
851 71 936 98 Educ.
959 71 1062 102 Nic-oui.

182 182 210 212 in
241 179 444 221 sequentibus
473 175 637 218 ῥηθήσεται
668 174 698 208 ῥ’
723 172 839 216 ὕστερον
870 175 935 218 περὶ
958 175 1045 209 αὐτοῦ
1075 177 1226 220 impedit,
1256 189 1334 221 quo-

182 237 283 267 minus
308 235 349 265 ita
374 238 543 271 vertamus,
568 244 639 264 cum
664 232 747 264 idem
771 231 820 264 bis
844 233 1045 273 proferretur.
1091 233 1201 276 ltaque
1223 245 1336 266 sensus

183 297 248 328 cst,
284 293 354 320 utut
385 288 480 329 legis,
510 288 666 319 Lambino
701 288 889 329 interprete:
924 290 1020 330 Atque
1041 291 1096 321 Ιιυο
1118 291 1236 331 quidem
1257 301 1336 322 com-

181 357 266 377 mune
295 346 425 376 onmium
452 347 512 383 est,
542 347 570 375 et
594 346 727 384 positum
756 345 805 375 sit.
857 344 1046 377 Aristoteles
1075 350 1209 387 utraque
1236 345 1337 378 forma
1379 368 1383 371 v

183 402 289 433 utitur.
334 401 449 432 Exstat
470 395 646 432 ὑποκεῖσθαι
671 399 740 430 infr.
765 399 805 438 ll,
829 410 858 430 c.
883 399 920 438 3,
945 401 973 442 ξ.
999 401 1037 440 63
1061 402 1106 439 V,
1130 412 1158 433 c.
1185 402 1222 440 1,
1246 402 1274 443 §.
1299 401 1336 440 33

182 457 233 495 Vl,
258 469 285 488 c.
315 457 343 494 1,
368 456 396 497 ξ.
422 455 458 494 ὃς
483 456 576 486 Rhet.
602 455 624 493 Ι,
655 455 708 494 11;
732 455 827 487 Polit.
844 455 909 494 VH,
937 456 950 489 1
978 457 1018 488 ad
1040 457 1114 496 fin.;
1137 457 1220 489 Eud.
1238 457 1274 496 11,
1299 457 1336 494 13

182 509 371 552 ὑπερκεῖσθαι
396 512 473 543 item
497 512 579 542 Eud.
605 511 647 549 11,
676 511 685 541 1
714 511 807 552 paulo
831 511 977 549 inferius,
1002 511 1056 543 ubi
1079 517 1185 544 tamen
1208 512 1336 545 Bekke-
1384 502 1386 505 '

183 581 234 600 rus
259 569 357 600 edidit
380 563 544 604 ὑπόκειται,
569 578 640 598 cum
665 577 683 598 e
706 566 806 598 tribus
836 567 997 599 codicibus
1022 568 1122 600 codex
1146 566 1198 600 Mb
1222 568 1338 601 habeat

181 621 344 657 ὑπόκειται,
368 624 394 653 Ζ
418 618 596 662 ὑπέρκειται,
621 621 662 654 Pb
686 619 831 654 ὑπέκειτοε
865 623 922 655 sed
946 628 1093 665 apparet,
1118 623 1335 665 imperfectum

181 691 218 711 ex
242 679 330 710 litera
352 691 368 718 ρ
393 689 450 719 per
472 679 695 720 negligentiam
719 679 838 710 omissa
861 684 964 710 ortum
988 680 1103 718 fuisse,
1132 680 1221 711 litera
1244 693 1256 711 ε
1279 691 1337 722 pro

181 740 351 777 augmento
375 734 491 766 habita.
537 735 741 766 Praedicatur
764 740 896 776 utraque
924 746 986 766 vox
1009 735 1049 767 de
1077 736 1235 767 sententia
1259 747 1336 777 qua-

181 792 252 822 dam
275 790 428 832 generali,
453 795 486 822 et
509 790 549 822 de
572 802 697 821 summo
722 790 825 831 aliquo
850 791 1020 832 principio,
1044 802 1106 833 quo
1130 791 1336 824 fundamento

183 848 278 878 utitur
307 846 520 887 Philosophus
550 846 590 877 ad
619 846 737 887 reliqua
771 846 982 887 disquirenda.
1037 847 1100 878 Sed
1131 859 1195 878 non
1225 847 1335 880 eadem

182 902 365 943 metaphora
394 901 453 932 hae
476 912 570 932 voces
601 906 735 932 utuntur
763 902 803 932 ad
831 913 925 933 unam
955 903 1151 944 eandemque
1182 914 1249 935 rem
1281 914 1335 935 ex—

183 957 395 998 primendam:
420 953 588 989 urcensis-&w
612 957 695 988 enim
720 958 746 989 si
769 957 872 995 dicas,
897 958 1054 989 sententia
1076 958 1128 989 illa
1152 963 1202 990 est
1222 959 1335 991 funda-

183 1018 323 1045 mentum
347 1013 443 1044 imum
467 1015 658 1054 suppositum,
680 1013 730 1045 cui
748 1013 815 1055 jam
831 1013 969 1055 reliquae
986 1014 1213 1056 disquisitionis
1228 1020 1335 1056 partes

183 1069 354 1101 accuratius
371 1069 547 1110 descriptae
571 1074 846 1111 superstruuntur3
870 1065 1051 1109 ὑπερκείσθω
1074 1075 1180 1102 autem
1198 1070 1224 1102 si
1238 1070 1334 1112 legas,

184 1126 368 1167 principium
395 1130 445 1157 est
466 1136 624 1157 summum
646 1125 811 1167 quiddam,
837 1126 920 1166 quod
948 1127 1072 1166 pendet,
1101 1131 1137 1157 ut
1157 1126 1201 1158 ita
1223 1126 1334 1161 dicam,

182 1193 271 1222 mcper
299 1181 551 1223 disquisitionem
581 1181 733 1223 aliquam,
764 1192 845 1223 quae
876 1181 950 1212 illud
975 1192 1100 1223 semper
1123 1187 1196 1214 ante
1225 1183 1335 1215 oculos

185 1238 302 1268 habens
334 1238 487 1278 procedit.
534 1238 591 1269 His
622 1237 801 1279 praemissis
832 1237 1002 1269 videndum
1033 1242 1098 1275 est,
1123 1249 1203 1279 quae
1233 1244 1333 1270 meta-

185 1294 282 1333 phora
305 1298 414 1324 nostro
437 1294 508 1325 loco
532 1294 573 1325 sit
594 1293 873 1325 accommodatior.
910 1293 944 1325 Si
963 1294 1029 1335 jam
1053 1293 1097 1324 rei
1120 1293 1334 1326 adumbratio·
1383 1317 1386 1325 ,

185 1361 254 1380 nem
273 1350 428 1390 quandam
446 1350 534 1380 dedit
549 1355 668 1389 auctor,
693 1360 769 1381 sane
786 1349 848 1381 hoc
864 1349 1030 1391 principio,
1056 1354 1204 1391 tanquam
1222 1350 1333 1382 funda·
1381 1359 1401 1370 'f

185 1411 309 1442 mento,
334 1405 379 1436 uti
405 1411 511 1446 potest
520 1429 529 1443 ,
559 1406 590 1436 in
615 1417 678 1447 quo
699 1406 838 1437 nitantur
861 1410 982 1443 cetera;
1007 1410 1039 1437 et
1062 1410 1137 1437 tunc
1160 1401 1333 1438 ὑποκεῖσθαι

184 1462 287 1492 dicere
308 1461 389 1492 solet
402 1462 600 1493 Aristotcles.
633 1462 688 1493 Sin
703 1472 778 1493 vero
794 1461 935 1493 nondum
952 1462 1121 1504 quidquam
1136 1461 1174 1493 de
1187 1472 1221 1493 re
1233 1462 1335 1504 aliqua

185 1517 321 1557 protulit,
346 1523 381 1548 ut
403 1518 464 1549 hoc
487 1518 558 1549 loco
581 1518 620 1549 de
643 1514 724 1559 ὀρθῷ
747 1514 834 1559 λόγῳ,
858 1528 952 1559 quem
977 1518 1027 1549 alii
1050 1517 1130 1549 libro
1155 1518 1211 1558 (sc.
1232 1519 1334 1558 sexto)

185 1573 336 1612 seposuit,
361 1585 423 1603 non
449 1579 557 1615 potest
581 1570 663 1614 ὀρθῷ
685 1570 762 1615 λόγῳ
786 1578 937 1615 tanquam
962 1573 1166 1605 fundamento
1190 1573 1255 1612 uti,
1279 1574 1335 1606 sed
1379 1567 1385 1585 Α·

185 1634 231 1658 est
250 1629 483 1669 quodammodo
508 1640 603 1670 super
624 1641 657 1661 re
680 1630 815 1671 positus,
838 1630 959 1660 utfinis
977 1629 1098 1670 aliquis,
1121 1634 1154 1660 ct
1172 1640 1334 1669 cacumen,

186 1684 223 1713 ad
249 1684 331 1723 quod
356 1684 580 1725 adtingendum
605 1691 674 1717 tota
697 1686 799 1717 tendit
820 1685 996 1727 disquisitio
1021 1690 1053 1716 et
1076 1685 1228 1717 ascendit.
1273 1685 1333 1717 Ita·
1375 1699 1382 1710 ·

186 1750 246 1779 que
270 1739 374 1768 malini
400 1739 458 1771 lioc
482 1741 606 1781 quidem
630 1742 701 1773 loco
723 1737 908 1781 ὑπερκείσθω
935 1741 1048 1782 legere,
1072 1746 1105 1772 et
1127 1752 1198 1773 cum
1219 1742 1334 1773 Came·
1376 1778 1382 1788 ι

186 1794 265 1824 rar-io
291 1799 422 1831 vertere,
443 1799 638 1836 praecipium
660 1799 701 1828 sit
724 1801 752 1829 et
773 1802 877 1838 caput,
902 1797 989 1839 quasi
1014 1803 1115 1829 esset:
1145 1793 1214 1835 ὑπὲρ
1240 1795 1334 1838 πάσης

188 1850 233 1890 τῆς
259 1848 320 1889 περὶ
346 1851 395 1880 τῶν
422 1847 524 1889 αἱρετῶν
549 1852 673 1891 σκέψεως
697 1852 817 1885 κείσθω.

276 1907 303 1946 ξ.
339 1907 368 1936 3.
429 1906 732 1948 προόιωμολογήσὲω)
774 1907 1058 1951 προδιομολογείσθω
1097 1908 1334 1949 Paraphrastes,

187 1961 349 1992 Bekkcrus
372 1966 456 1993 recte
480 1973 517 1993 ex
542 1963 603 2001 }1··‚
627 1962 695 2001 Mb,
719 1964 783 2004 Νὴ,
814 1965 899 1996 nullo
928 1965 995 2006 ejus
1023 1964 1131 1996 codice
1160 1964 1333 2005 perfectum
1363 1986 1371 1993 .
1409 1985 1411 1995 ,

186 2016 332 2055 habente,
357 2018 440 2058 quod
464 2028 502 2049 ex
525 2018 639 2050 vitiosa
662 2019 802 2052 Venetae
819 2022 972 2062 scriptura
988 2026 1092 2051 ortum
1109 2030 1179 2051 esse
1195 2019 1332 2050 videturz

187 2073 488 2114 προόιωμολογείσθω.
535 2074 621 2106 Ferri
645 2080 754 2115 posset
778 2077 966 2117 perfectum,
996 2076 1021 2106 si
1047 2087 1108 2107 non
1134 2080 1332 2116 sequeretur}

187 2122 274 2160 uizrrsc
298 2127 345 2159 καὶ
369 2126 433 2160 κατ’
459 2125 553 2169 ἆρχᾶς
576 2128 696 2170 εἴπομεν.
