1439 2342
497 84 570 111 Libri
591 85 610 111 1.
653 86 718 119 ουρ.
740 85 763 110 ν
786 84 852 117 (111).
1202 82 1251 118 25

95 200 144 226 tas
175 193 404 237 cognoscendi,
435 198 470 224 ut
499 193 588 224 initio
618 193 910 234 Metaphysicorum
940 193 1016 225 dicit
1044 184 1250 225 Aristoteles:

97 248 196 290 πάντες
220 242 369 291 ἅνθρωποι
391 247 444 280 τοῦ
465 247 562 280 εἷὸένιιι
587 245 729 289 ὀρέγονται
754 246 849 288 φύσει.

186 307 213 348 ξ.
239 306 268 339 1.
309 301 357 336 οὐκ
382 300 500 345 ἀλόγως)
526 304 583 335 His
607 305 735 336 demum
760 305 941 346 praemissis
966 305 1112 347 explicari
1135 307 1252 347 poterit

95 363 174 394 haec
195 361 418 403 paragraphus,
442 360 474 390 in
496 371 573 402 qua,
598 360 780 402 priusquam
805 361 844 392 ad
867 361 967 392 varias
991 361 1060 392 illas
1084 362 1250 402 opiniones

95 417 276 450 refutandas
301 427 334 448 se
359 415 520 457 accingat,
545 416 658 455 docet,
682 427 736 447 cur
760 416 824 447 sint
846 421 896 447 tot
919 416 1021 448 variae
1044 417 1083 448 de
1105 416 1252 448 felicitate

95 473 270 516 opinioneS.
316 473 442 513 Nempe
473 483 554 503 unus
579 472 696 504 alterve
727 471 863 503 hominis
893 472 1069 514 appetitus,
1100 484 1117 503 a
1140 473 1252 504 ceteris

94 534 274 570 segregatus
299 533 331 559 et
354 533 389 559 ut
412 527 482 559 finis
499 528 597 559 totius
613 528 695 559 vitae
719 528 913 569 proposituS,
938 528 1034 560 efficit
1053 540 1152 570 genus
1170 529 1252 559 vitae

95 582 174 625 (βίος)
206 585 335 626 alicujus
359 584 507 616 hominis.
548 584 656 626 Itaque
680 584 821 616 diversae
845 584 884 615 de
908 584 1103 615 beatitudine
1127 584 1252 626 opinio-

94 651 151 672 nes
182 646 266 672 recte
297 651 335 672 ex
359 640 439 672 vitae
463 640 615 671 institutis
640 646 672 671 et
694 640 861 681 generibus
886 641 1077 682 repetendae
1102 645 1191 670 sunt:
1221 644 1254 670 et

94 696 236 738 quamvis
260 696 406 727 fallantur
430 695 615 736 opinionum
640 696 762 726 illarum
786 701 931 727 auctores
955 696 987 727 in
1010 696 1125 727 finibus
1149 695 1251 727 bono-

93 764 161 784 rum
186 752 301 784 arctius
326 751 636 790 circumscribendis,
668 751 698 782 id
729 756 814 783 certe
845 751 1006 789 viderunt,
1036 752 1131 782 finem
1154 752 1252 789 illum,

94 809 233 850 quisquis
257 813 324 846 est,
355 807 393 838 ad
425 812 528 838 totum
559 808 641 838 vitae
669 818 769 849 genus
800 807 927 839 extendi
957 806 1089 845 debere3
1121 807 1252 838 felicitas

93 865 194 901 enim,
229 868 265 894 ut
294 864 373 894 infra
403 863 582 905 apparebit,
617 868 722 894 totum
753 863 836 895 vitae
868 875 995 895 cursum
1023 863 1252 904 complectitur.

95 921 177 952 Cum
194 925 299 951 autem
317 919 380 951 sint
396 924 460 951 tres
483 919 643 961 praecipui
666 919 802 950 hominis
820 919 990 961 appetitus,
1015 925 1141 950 exstant
1157 919 1252 951 etiam

94 977 153 1007 tria
168 976 252 1007 vitae
271 987 403 1017 genera:
429 986 467 1006 ex
484 975 531 1006 sui
548 975 755 1006 conservandi
779 976 922 1016 appetitu
945 974 1004 1014 βίος
1028 972 1252 1013 ἀπολαυστικός,

93 1043 131 1063 ex
155 1031 284 1063 honoris
308 1036 341 1063 et
364 1031 477 1073 agendi
501 1030 647 1072 cupidine
670 1030 729 1069 βίος
753 1029 897 1069 πολιτικός
925 1031 990 1062 sive
1014 1028 1184 1071 πρακτικός,
1215 1043 1253 1063 ex

94 1087 306 1130 cognoscendi
337 1087 480 1128 appetitu
510 1085 570 1124 βίος
590 1084 766 1128 θεωρητικός
790 1087 855 1119 sive
880 1084 1042 1126 φιλόσοφος,
1066 1088 1180 1126 oritur;
1213 1088 1251 1118 cf.

93 1144 169 1175 Eth.
186 1144 321 1175 Eudem.
345 1143 368 1181 I,
385 1144 416 1175 4.
452 1143 520 1174 Hac
544 1147 650 1174 autem
674 1143 713 1174 de
738 1154 771 1173 re
787 1144 908 1174 Nostro
932 1155 996 1174 non
1008 1143 1100 1174 Plato
1125 1144 1252 1174 demum

92 1199 242 1241 praeivit,
272 1204 307 1230 ut
330 1199 430 1230 Zellio
453 1198 593 1237 videtur,
623 1198 679 1230 sed
697 1199 764 1240 jam
788 1199 1002 1240 Pythagoras,
1034 1210 1127 1240 quem
1150 1199 1252 1240 lepide

95 1256 154 1286 tria
176 1255 228 1286 illa
250 1255 333 1286 vitae
362 1266 478 1296 genera
501 1266 573 1286 cum
606 1254 705 1285 tribus
734 1254 899 1285 hominum
928 1254 1114 1296 generibus,
1139 1255 1192 1297 qui
1221 1256 1252 1285 in

94 1311 174 1342 ludis
200 1310 376 1352 Olympicis
400 1316 582 1348 versantur,
610 1310 860 1351 comparavisse,
889 1311 1041 1342 Ponticus
1069 1311 1253 1343 Heraclides

95 1367 222 1408 scripsit
254 1367 367 1406 (Cicer.
397 1367 494 1399 Tusc.
527 1367 660 1399 Quaest.
684 1367 729 1405 V,
754 1366 796 1407 3).
844 1367 936 1398 Plato
967 1366 999 1397 in
1030 1367 1166 1408 Republ.
1199 1367 1252 1405 lx,

94 1434 126 1464 p.
150 1422 232 1460 581,
264 1423 312 1454 ed.
338 1423 448 1464 Steph.
484 1423 526 1464 (p.
551 1422 730 1460 443-4-14,
763 1423 812 1453 ed.
837 1422 950 1463 Bekk.)
982 1422 1148 1454 constituit
1176 1423 1252 1454 item

95 1478 154 1510 tria
176 1479 341 1510 hominum
359 1489 491 1521 genera:
516 1475 737 1521 φιλοχρήματεν
760 1475 809 1509 καὶ
831 1478 1005 1518 φιλεκερὸὲς,
1029 1476 1183 1517 φιλόνεικον
1206 1477 1253 1510 καὶ

96 1531 262 1577 φιλότιμον,
291 1534 454 1577 φιλομαθὲς
477 1532 526 1566 καὶ
550 1531 728 1574 φιλόσοφον,
759 1545 892 1576 quorum
917 1534 1039 1576 singula
1068 1535 1099 1565 in
1125 1535 1253 1576 singulis

95 1591 190 1622 animi
212 1589 354 1631 partibus
379 1590 528 1622 collocat:
564 1589 721 1633 ἐπιθυμίᾳ,
751 1590 855 1631 θυμῷ,
885 1588 931 1630 νῷ.
976 1589 1048 1629 Νοῦς,
1079 1591 1253 1622 secundum

95 1647 260 1678 Platonem
293 1646 332 1678 ad
361 1642 472 1686 λογικόν
501 1645 550 1687 τῆς
573 1646 687 1687 ψυχῆς,
726 1645 867 1687 ἐπιθυμία
898 1651 930 1678 et
959 1644 1052 1689 θυμός
1082 1647 1121 1677 ad
1153 1638 1254 1687 ἔλεγεν

95 1702 271 1743 pertinent,
300 1702 344 1733 ita
367 1707 475 1734 tamen
499 1707 535 1733 ut
557 1699 650 1744 θυμός
674 1702 787 1733 rationi
819 1701 968 1733 auxilium
991 1703 1085 1740 ferat,
1119 1707 1150 1733 et
1174 1713 1255 1744 quo-

95 1758 266 1790 dammodo
295 1758 424 1789 rationis
455 1758 496 1789 sit
530 1758 686 1799 particeps
723 1759 773 1798 (cf.
804 1758 874 1789 infr.
905 1769 931 1789 c.
963 1757 1021 1796 13,
1054 1759 1081 1799 ξ.
1114 1758 1255 1798 15-19),

96 1813 235 1855 ἐπιθυμία
263 1824 339 1845 vero
371 1825 443 1845 cum
467 1814 590 1845 ratione
620 1818 749 1855 pugnet.
795 1815 961 1853 Donatus,
984 1814 1180 1845 Eustratium
1205 1826 1254 1846 se-

96 1876 205 1901 cutus:
230 1870 358 1907 „Prima
373 1870 467 1911 igitur
482 1870 547 1901 vita
563 1874 613 1901 est
628 1869 910 1910 imperfectissima,
929 1881 1000 1901 cum
1018 1870 1048 1901 in
1066 1882 1104 1902 ea
1119 1871 1255 1902 maxime

96 1926 277 1957 dominetur
300 1926 468 1967 appetitus.
515 1925 548 1956 In
574 1925 713 1957 secunda
736 1926 773 1956 fit
796 1926 918 1957 sedatio
943 1932 976 1957 et
1000 1926 1155 1968 mitigatio
1183 1938 1254 1967 per-

96 1981 324 2020 turbationum,
349 1987 443 2024 atque
466 1981 498 2012 in
523 1993 560 2013 ea
582 1982 662 2013 ratio
685 1982 867 2013 dominatur
891 1982 1059 2023 appetitui:
1081 1994 1146 2013 non
1171 1984 1256 2024 quod

97 2037 227 2068 omnino
250 2038 394 2076 suffocet,
419 2038 475 2069 sed
492 2037 766 2079 obtemperantem
782 2038 857 2070 facit
872 2038 997 2069 rationi.
1033 2038 1066 2069 ln
1083 2039 1176 2069 tertia
1191 2039 1255 2070 vita

96 2092 133 2124 fit
159 2093 299 2125 vacuitas
328 2093 617 2133 perturbationum,
653 2099 686 2125 et
716 2094 893 2135 appetitus,
925 2094 1046 2125 scilicet
1075 2094 1255 2131 sensitivus,

97 2148 182 2180 nullo
214 2149 311 2180 modo
344 2150 466 2190 operari
498 2149 654 2182 videtur.‘6
700 2150 798 2181 Addit
820 2150 1001 2182 Eustratius
1026 2151 1065 2182 de
1089 2150 1140 2183 illa
1163 2150 1255 2182 tertia
