1439 2342
174 91 244 130 32⁴¹
447 92 627 119 Commenta.
650 90 681 118 nd
704 90 813 118 Aristot.
839 89 925 117 Ethic.
947 89 1054 117 Nicon.

175 203 337 235 Bekkerus
362 212 399 232 ex
422 201 477 232 ΗΠ
503 199 548 232 ΚῙ·
573 199 765 237 (Cardwello
798 199 1040 236 dissentiente),
1074 195 1121 229 O''
1153 193 1201 228 ὁιεῖ
1234 192 1333 245 rogii-6,

174 265 327 301 perpetua
352 265 500 288 aci-:anus
526 256 722 287 confusione.
763 255 836 286 Non
863 261 968 285 tamen
994 259 1103 285 auctor
1127 253 1259 285 eandem
1283 263 1332 284 ra·

175 315 294 345 tionem
319 312 449 343 ulterius
473 318 608 349 enarrat,
636 322 690 342 cur
717 322 779 341 non
806 311 1006 342 continenter
1030 309 1241 347 delectemur3
1257 309 1333 347 sed,

176 377 210 400 ut
234 369 351 400 indicat
375 368 525 409 particula
550 366 583 398 ὀέ
606 373 678 408 post
703 364 768 404 ἔνια,
789 367 854 408 jam
872 377 988 397 novum
1007 366 1100 407 plane
1115 370 1332 406 argumentum

176 425 275 456 affert.
321 424 394 455 Non
423 434 591 464 possumus
617 408 816 454 co'nt'menter
840 423 1000 460 delectari,
1026 422 1126 464 primo
1151 422 1222 464 qnia
1247 421 1332 452 defa-

176 482 309 519 tigamur
334 481 467 511 assiduis
493 479 746 520 operationibus:
773 479 905 516 deinde,
931 479 1053 510 etiamsi
1078 489 1140 509 non
1174 477 1332 519 defatigati

175 537 283 570 simus,
310 544 413 567 tamen
441 536 595 577 quaedam
628 546 691 566 non
721 535 779 566 nisi
812 546 893 565 nova
924 535 1101 573 delectant,
1132 545 1202 576 cum
1235 534 1334 565 semel

176 593 360 623 assuefactis
379 593 444 632 jam
472 591 586 622 nullam
612 591 785 632 praebeant
813 591 1021 632 voluptatem,
1047 590 1128 622 sicut
1157 590 1250 621 etiam
1275 590 1332 621 do-

174 648 292 678 loribus
317 647 477 678 assuefieri
503 659 560 678 nos
586 658 680 688 posse
706 648 851 679 vidimus.
905 647 1130 688 paraphrastes
1162 646 1256 677 falsae
1288 645 1332 677 le-

175 704 289 736 ctionis
315 710 345 734 ct
370 704 638 745 interpretationis
660 709 770 734 auctor
799 713 866 734 est:
898 699 932 734 τὸ
963 701 992 734 δὲ
1024 701 1130 740 αἴτιον,
1157 695 1225 742 ἕπερ
1251 699 1332 743 ἔφην,

176 761 264 802 quasi
288 771 345 791 non
368 771 443 791 noca
468 760 509 790 ol>
534 760 666 791 eandem
692 759 845 791 rationem
871 755 931 799 (6ιεῖ
956 755 1055 798 ταῦτό)
1081 770 1144 789 non
1163 758 1331 794 delectent,

175 817 292 858 quippe
317 828 387 847 enin
414 828 475 846 non
500 827 626 857 semper
651 826 742 856 agere
767 815 935 856 possimus.
969 815 1032 846 Sed
1050 814 1142 846 lectio
1167 810 1214 845 ὀιεῖ
1241 813 1331 844 ταῧτα

176 873 215 903 ad
239 872 375 903 eundem
398 883 525 902 sensum
552 872 630 903 trahi
656 877 773 912 potest,
804 877 836 902 ut
868 871 1042 902 Lambinus
1076 870 1185 901 vertit:
1210 873 1334 911 propter

175 929 251 959 lianc
275 939 405 959 cuasam.
455 928 590 959 Garvius
623 928 709 959 solus
740 924 788 958 διά
820 927 912 958 ταῦτα
947 928 984 958 ad
1015 926 1178 968 sequentia
1211 925 1332 956 retulit:

175 994 230 1014 aus
243 984 406 1024 sblssender
434 984 578 1015 Ursache.
627 983 755 1015 Etenim
781 982 873 1014 rafim
897 988 930 1014 et
943 982 1062 1014 τοιαῦτα
1087 993 1182 1024 saepe
1208 981 1330 1012 Aristo-

176 1040 253 1070 teles
279 1040 478 1080 permutavit.
525 1040 633 1071 Possit
656 1046 762 1070 tamen
788 1035 836 1070 &tol
866 1038 968 1076 ταῦτα,
994 1038 1075 1070 sicut
1105 1044 1136 1069 et
1160 1034 1209 1069 διαὶ
1233 1033 1332 1074 ταύτό,

176 1101 269 1126 etiam
308 1096 481 1126 secundum
514 1102 654 1126 nostram
693 1095 847 1127 rationem
880 1095 917 1125 ad
955 1094 1174 1136 praecedentia
1209 1093 1332 1125 referri:

176 1151 249 1182 Non
277 1161 444 1192 possumus
470 1162 596 1192 semper
622 1151 777 1191 gaudere,
802 1151 903 1192 primo
929 1150 1048 1182 ratione
1081 1149 1231 1191 subjecti,
1262 1149 1334 1191 quia

176 1206 400 1246 defatigamur,
438 1207 551 1238 deinde
582 1207 702 1238 ratione
734 1206 866 1248 objecti,
900 1207 970 1248 quia
1003 1216 1066 1237 non
1096 1216 1222 1247 semper
1252 1216 1333 1236 nova

176 1262 328 1293 habemus
354 1264 466 1304 quibus
491 1263 696 1304 gaudeamus,
722 1268 828 1293 vetera
846 1268 950 1293 autem
973 1262 1090 1293 sensim
1114 1261 1248 1302 perdant
1270 1260 1332 1291 vim

176 1318 364 1355 delectandi,
390 1319 430 1348 ‹sl›
449 1319 528 1350 hanc
545 1319 678 1350 eandem
700 1329 838 1355 causam,
865 1323 994 1358 propter
1011 1328 1102 1359 quam
1128 1322 1160 1348 et
1183 1316 1242 1358 ipsi
1267 1327 1330 1347 non

174 1384 302 1410 ,semper
332 1385 423 1408 agere
458 1385 636 1415 possumus.
687 1373 758 1405 {deo
789 1379 893 1405 autem
925 1369 972 1404 διὰ
1004 1368 1094 1403 ταύτό
1122 1372 1331 1414 praetulerim,

176 1435 210 1460 ut
234 1430 316 1471 quod
343 1430 483 1471 sequitur
508 1427 571 1469 περὶ
595 1426 671 1461 αὐτοί
694 1429 806 1460 melius
826 1429 865 1460 ad
889 1425 973 1460 καινοί
988 1427 1093 1460 referri
1110 1428 1222 1469 possit,
1246 1427 1332 1459 nullo

174 1485 234 1515 alio
260 1486 366 1526 plurali
397 1487 572 1527 interjecto.
605 1504 636 1508 —·
664 1484 894 1526 παρακέκληται)
920 1485 938 1515 i.
965 1495 992 1516 e.
1026 1486 1187 1522 invitatur,
1219 1485 1332 1516 eoecita-

175 1543 238 1576 tur;
264 1541 307 1571 sic
333 1541 404 1571 dedi
430 1553 446 1571 e
472 1542 549 1572 meis
575 1547 607 1572 et
620 1541 707 1572 Zellii
733 1540 906 1578 codicibus,
932 1540 1002 1575 Ald,
1030 1541 1110 1578 Ven,
1136 1541 1232 1571 Bass:
1257 1539 1332 1571 item

177 1596 367 1627 Cardu-ellus
392 1604 421 1627 et
452 1597 610 1628 Bekkerus
636 1598 811 1628 secundum
838 1607 948 1627 omnes
973 1607 1057 1627 suos.
1105 1595 1236 1637 Vulgata
1272 1607 1333 1637 gru-

175 1651 352 1689 pane'n».z.·at‚
379 1664 470 1693 quan»
498 1653 717 1684 Wilkinsonus
742 1653 810 1683 sine
838 1652 988 1683 varietate
1019 1652 1162 1684 codicum
1193 1651 1331 1689 exhibet,

175 1718 270 1747 quum
289 1709 460 1738 secundum
476 1708 572 1740 lexica
587 1709 678 1749 plane
692 1708 884 1740 contrarium
910 1707 1065 1749 significet
1087 1709 1242 1745 avertitur,
1267 1719 1330 1739 non

175 1762 277 1798 video,
303 1764 462 1804 quomodo
489 1764 559 1795 ferri
585 1766 697 1805 possit,
723 1765 782 1796 nisi
807 1765 885 1795 alius
909 1764 978 1795 voci
1002 1769 1114 1795 sensus
1139 1763 1180 1794 sit
1203 1769 1236 1794 et
1260 1774 1328 1794 ver-

174 1823 222 1847 tas
246 1828 316 1848 cum
342 1818 499 1848 Lambinn
523 1821 672 1851 incumbit.
722 1820 845 1851 Eodem
874 1820 970 1851 modo
995 1830 1057 1850 non
1081 1819 1221 1860 intelligo
1244 1819 1329 1860 glos-

175 1883 241 1903 sam
266 1873 495 1904 interlinearem
523 1886 633 1906 manus
659 1875 844 1908 recentioris
872 1875 902 1907 in
928 1875 1036 1907 codice
1067 1876 1093 1906 A
1118 1873 1193 1915 (L'')
1217 1870 1328 1906 ὖποαύ·

174 1940 252 1965 ρεται
273 1928 311 1958 al)
337 1929 434 1959 Hasio
453 1936 605 1968 notatam,
623 1942 704 1972 quae
720 1931 863 1974 quamvis
879 1936 984 1962 textus
1001 1930 1084 1971 legat
1100 1929 1334 1971 παρακῶιληται,-

174 1988 279 2014 tamen
312 1984 409 2014 llasio
442 1985 650 2023 παρακέκλιται
683 1988 837 2028 explicare
867 1987 1009 2024 videtum
1036 1990 1132 2018 recte.
1180 1985 1329 2027 Citatque

173 2038 218 2068 vir
229 2038 342 2069 doctus
357 2039 493 2081 miliique
511 2041 721 2073 amicissimus
745 2042 902 2074 Joannem
921 2042 1188 2083 Chrysostomum
1212 2041 1242 2072 in
1261 2040 1328 2073 Ge-

173 2093 260 2123 nesin
292 2093 368 2131 104,
401 2095 442 2132 B,
474 2093 513 2126 ἵνα
539 2092 578 2137 μὴ
601 2094 678 2128 κατεῖ
702 2094 800 2138 μικρὸν
828 2094 975 2141 ὑποσύρῃς
1004 2093 1053 2138 τὴν
1076 2093 1209 2128 διάνοιαν.
1260 2095 1330 2128 Nec

173 2147 308 2189 reliquos
334 2149 437 2185 locos,
469 2161 566 2191 quos,
600 2157 713 2193 utpote
745 2154 872 2194 paulum
903 2158 998 2185 notos
1029 2158 1062 2184 et
1093 2153 1132 2184 de
1155 2162 1214 2184 usu
1241 2151 1329 2184 vocis
