1439 2342
178 39 248 75 120
460 40 638 65 commentar.
669 37 702 63 nd
724 37 834 63 Ariston.
856 35 942 62 Ethic.
965 35 1068 62 Nicom.

265 150 293 190 ς.
322 148 372 180 15.
417 144 465 177 καὶ
489 144 610 185 αἶσχος)
657 143 821 176 Ominum
843 142 907 180 w,
937 141 1000 181 Kb,
1031 140 1096 181 Ob,
1127 140 1329 179 eardweum,
1384 130 1386 134 '

178 205 357 241 Bekkerus3
392 202 468 233 item
498 199 713 241 Argyropylus
749 202 910 240 pugnante
940 197 1048 230 codice
1078 207 1191 239 graeco
1198 220 1208 236 ,
1242 196 1330 239 cujus

177 260 344 292 lectionem
367 256 544 298 Acciajolus
575 254 705 296 margini
735 253 886 286 versionis
911 253 1076 295 apposuit3
1110 252 1163 284 καί
1182 263 1245 285 om.
1268 250 1330 284 Mb.

177 316 241 347 Iam
269 312 424 346 Lambino
460 312 518 343 hae
554 321 647 343 voces
688 310 760 341 ideo
801 309 1019 351 explodendae
1050 308 1211 347 videntur,
1248 308 1331 350 quod

177 371 260 402 idem
286 369 383 401 modo
408 368 526 400 dictum
550 367 600 398 sit.
648 366 785 398 Accedo.

266 427 294 467 ξ.
322 423 371 457 16.
418 424 447 454 αἱ
471 422 528 465 μέν)
552 422 598 464 μέν
623 433 684 453 om.
710 421 891 459 Bekkerus,
916 422 993 458 Par,
1019 421 1096 452 Ven.

271 481 298 522 ᾧ,
330 481 377 512 17.
423 479 448 510 εἰ
469 478 502 510 ὁέ
523 479 574 519 τις)
632 478 682 510 De
706 482 864 509 structura
886 477 979 518 hujus
1009 476 1069 507 loci
1091 475 1162 507 vide
1186 484 1271 515 supr.
1295 474 1334 506 ad

176 539 200 576 I,
225 549 251 569 c.
274 538 303 575 7,
327 537 355 577 ξ.
375 535 426 568 14.
451 553 490 559 -
539 534 564 566 εἰ
585 534 615 565 ὁὲ
639 532 745 575 μηὸείς)
775 534 838 565 Pro
862 531 957 574 μηόείς
980 531 1056 574 legit
1077 528 1117 573 μὴ
1141 527 1226 568 mida}
1249 529 1333 562 Bek-

178 594 271 625 kerus
295 603 334 624 ex
357 592 418 629 H',
443 588 500 628 Kb,
525 588 583 622 Ob.

265 648 293 689 ξ.
319 646 372 680 19.
418 647 488 686 παρ’
512 642 602 686 αὐτῷ’)
628 646 697 684 παρ’
719 641 807 675 αὐτοῦ
829 644 930 675 codex
952 643 1148 685 germanicus
1171 641 1335 680 Lambini;

177 706 248 744 παρ’
270 699 354 734 αὐτόν
378 702 516 741 Coraes,
549 700 741 733 Cardwellus
770 705 803 731 et
825 699 988 731 Bekkerus
1011 709 1083 730 cum
1107 697 1168 736 H',
1198 696 1262 737 Kb3
1291 697 1335 728 ita

178 765 229 798 ut,
254 758 414 791 codicibus
443 757 580 790 Bekkeri
603 757 747 798 reliquis,
779 754 1063 794 u'ilkinsonianis,
1094 765 1153 786 nec
1183 763 1247 784 non
1275 753 1336 784 Par

178 820 211 847 et
239 815 317 847 Vrat
349 816 417 855 παρ’
447 810 525 854 αὐτῷ
554 812 747 855 legentibus,
789 811 914 853 vulgata
947 813 1016 851 παρ’
1045 806 1117 841 αὐτό
1147 809 1207 848 (sic
1231 809 1333 847 Ven),

178 881 257 912 quae
281 881 378 902 sensu
403 875 507 908 caret,
542 869 627 900 nulla
658 869 802 900 codicum
827 867 1012 899 auctoritate
1036 866 1093 897 niti
1116 865 1268 897 videatur.
1292 880 1334 885 —

179 926 219 966 τῷ
242 925 288 966 δέ)
314 923 347 957 τὸ
370 925 403 956 ὁέ
423 925 506 963 NC,
531 924 634 964 CCC,
657 925 751 963 Vrat,
778 922 833 954 Lb-

267 982 295 1022 ᾧ.
320 981 374 1014 21.
400 981 491 1022 (Cap.
507 980 603 1018 VIII.)
650 974 693 1011 ἔτι
715 975 870 1021 μεσότητες,
896 996 933 1002 -
961 976 1038 1018 ἕξεις)
1072 973 1114 1008 ἔτι
1143 974 1266 1018 μεσότης
1288 974 1335 1007 καὶ

178 1036 230 1078 ’ἕξις
253 1035 318 1075 K¹‘;
343 1036 409 1068 εἰσίν
433 1042 466 1068 et
488 1030 531 1068 ἔτι
562 1036 681 1067 omittit
710 1035 804 1067 etiam
831 1031 889 1066 0¹¹.
917 1052 954 1056 —
1002 1031 1050 1064 καὶ
1081 1027 1123 1064 ἔτι
1148 1029 1262 1072 τούτων)
1286 1030 1338 1063 καί

177 1104 240 1124 om.
264 1090 321 1130 Kb,
347 1090 405 1123 ob.
423 1109 460 1115 -
487 1080 625 1123 mim&
652 1086 755 1128 αὐτοῖς)
778 1089 830 1121 καί
851 1100 913 1121 om.
937 1090 1008 1126 Par,
1032 1089 1087 1126 112,
1111 1086 1167 1127 Lb,
1190 1086 1254 1126 Mb,
1277 1085 1335 1126 Nb,

178 1147 358 1186 Bekkerus3
388 1144 464 1178 κατά
496 1143 601 1184 ταύτας
623 1145 692 1184 M¹‘;
721 1151 788 1176 κατ’
817 1141 905 1182 αὐτοῖς,
929 1145 1000 1176 Par.
1061 1144 1173 1176 Lectio
1203 1143 1336 1184 plenior,

177 1208 288 1244 utpote
320 1201 513 1240 inusitatior,
549 1201 647 1242 magis
684 1200 797 1241 placet.
857 1200 1007 1231 Ceterum
1039 1199 1090 1240 qui
1120 1210 1184 1230 non
1213 1187 1283 1240 per.
1301 1209 1336 1230 se

180 1255 257 1299 (καθ’
284 1254 400 1298 αὑτάς),
437 1257 492 1289 sed
521 1267 577 1298 per
609 1256 754 1288 accidens
780 1252 867 1296 (κατεῖ
892 1251 1086 1297 συμβεβηκός)
1111 1254 1259 1286 virtutem
1281 1265 1335 1286 ex-

178 1320 280 1353 ercet,
305 1324 352 1345 ex.
377 1325 422 1355 gr.
447 1319 627 1354 temperans
652 1316 718 1349 est,
755 1323 794 1344 ne
818 1316 978 1352 aegrotet,
1003 1311 1029 1341 is
1054 1321 1125 1342 vere
1148 1310 1252 1342 bonus
1275 1310 1336 1342 dici

179 1382 244 1401 non
267 1374 385 1412 potest.

267 1425 295 1465 ξ.
312 1424 365 1458 22.
412 1420 430 1464 r]
460 1421 612 1463 πρέςὲεσις
643 1419 674 1454 εὖ
698 1421 843 1465 γνωριμές)
892 1423 974 1455 Cum
1006 1422 1037 1453 in
1069 1422 1192 1454 actibus
1215 1421 1338 1463 singula

182 1481 334 1518 sciamus,
366 1480 397 1511 in
420 1479 579 1511 habitibus
603 1484 713 1511 contra
737 1479 856 1510 sensim
882 1483 914 1510 et
936 1478 1071 1510 latenter
1092 1478 1213 1519 singula
1235 1478 1336 1509 incre-

180 1542 288 1569 menta
311 1537 400 1568 fiunt.

265 1594 293 1633 ξ.
317 1592 369 1625 23.
417 1592 512 1633 (Cap.
530 1591 599 1632 IX.)
648 1591 772 1631 πρῶτων)
803 1592 896 1628 Non,
921 1595 956 1621 ut
979 1590 1046 1621 vult
1069 1589 1226 1631 lnterpres
1248 1600 1337 1631 grae-

177 1660 244 1686 cus,
267 1648 339 1679 ideo
364 1660 382 1679 a
404 1647 588 1679 fortitudine
612 1647 735 1678 initium
751 1647 804 1686 fit,
831 1647 915 1688 quod
942 1645 983 1678 sit
999 1646 1092 1687 longe
1106 1638 1291 1677 ‘difficillima
1306 1650 1339 1676 et

177 1702 445 1745 praestantissima
486 1703 627 1734 omnium
669 1703 838 1742 virtutum,
882 1714 956 1741 nec,
999 1706 1035 1733 ut
1069 1700 1157 1733 addit
1190 1702 1337 1733 Donatus

176 1759 372 1800 Acciajolus,
403 1759 486 1800 quod
511 1765 616 1790 sumat
641 1770 756 1790 nomen
781 1758 870 1800 quasi
895 1769 913 1789 a
937 1757 1052 1789 virtute
1075 1762 1108 1788 et
1128 1768 1146 1787 a
1169 1757 1250 1788 viro:
1281 1756 1337 1788 sed

177 1814 249 1856 quia
273 1813 404 1846 mirabili
430 1814 549 1855 judicio
574 1815 762 1846 Aristoteles
784 1814 935 1852 virtutes,
960 1813 1076 1855 quippe
1100 1823 1170 1844 cum
1195 1812 1258 1843 sint
1281 1822 1336 1853 ap-

177 1869 294 1911 petitus
331 1869 370 1900 ad
409 1869 562 1900 rationein
594 1870 718 1907 directi,
755 1881 792 1902 eo
825 1869 933 1901 ordine
964 1868 1178 1910 persequitur,
1213 1879 1275 1909 quo
1305 1867 1337 1899 in

178 1925 313 1956 hominis
345 1930 456 1956 natura
488 1937 506 1956 a
536 1924 697 1956 vilioribus
722 1926 761 1956 nd
792 1924 1014 1957 excellentiora
1039 1923 1261 1966 progrediente
1283 1934 1337 1965 ap-

178 1981 296 2022 petitus
332 1992 412 2012 unus
456 1991 493 2012 cx
525 1980 622 2012 altero
656 1981 792 2020 pendet3
827 1981 870 2012 ita
907 1986 942 2012 ut
977 1979 1081 2021 potius
1118 1992 1135 2010 a
1170 1978 1336 2011 virtutibus

178 2037 279 2068 minus
303 2035 555 2078 praestantibus,
587 2036 606 2067 i.
632 2047 659 2067 c.
685 2036 864 2068 fortitudine
889 2041 921 2067 et
944 2035 1152 2077 temperantia
1175 2035 1256 2067 circa
1279 2034 1336 2065 do-

176 2094 256 2123 lores
285 2097 317 2124 et
341 2092 518 2133 voluptates
543 2091 757 2130 versantibus,
791 2093 964 2132 profectus,
997 2096 1158 2133 postremo
1183 2091 1220 2121 nd
1246 2100 1334 2130 prae-
