1439 2342
166 85 243 122 258
443 86 623 112 commentar.
645 83 680 110 ad
701 82 809 110 Ari-tot.
829 80 917 109 Ethie.
937 80 1043 108 Nicon.

174 192 270 227 οὐσίαν
281 191 329 225 καὶ
344 195 400 230 τοῖς
409 183 506 230 ἄλλοις
520 187 648 231 ὑπάρχει
656 187 689 221 τὲ
703 188 781 228 εἶναι,
795 188 898 231 inquit
905 188 1069 230 Aspasius.
1085 188 1172 220 Haec
1184 192 1234 221 est
1248 187 1324 220 sim-

174 250 344 292 plicissima
368 247 545 290 explicatio,
564 258 656 288 quam
673 246 790 278 Zellius
808 250 913 276 tamen
931 244 1130 277 Aristoteleis
1147 244 1241 277 etiam
1267 244 1325 276 ob-

173 306 343 338 scuriorem
373 315 444 336 esse
474 303 650 335 arbitratur.
682 320 726 325 —
755 298 866 343 εἴρηται
897 296 1002 341 δ’ὗπέρ
1032 297 1124 333 αὐτῶν
1147 297 1325 344 ἔμπροσθεν)

173 362 261 393 Haec
284 359 379 392 verba
403 359 518 391 Zellius
544 363 628 390 recte
652 358 690 389 ad
718 356 968 399 disquisitionem
997 357 1037 388 de
1065 356 1149 389 vitiis
1180 361 1326 399 spectare

173 421 284 459 putat,
320 416 351 446 in
376 415 488 457 quibus
513 414 656 445 defectus
681 418 735 445 aut
758 424 907 445 excessus
931 412 1033 444 eidem
1056 412 1163 444 virtuti
1187 404 1327 455 oppositi

172 472 276 514 specie
307 471 346 502 ab
376 482 412 502 ea
445 476 519 501 sunt
548 469 679 507 diversi,
716 469 776 500 etsi
807 469 871 500 sint
901 473 1023 500 tantum
1047 468 1250 511 amplificatio
1273 473 1328 500 aut

175 527 348 559 deminutio
380 526 520 568 ejusdem
551 525 693 556 affectus.
738 525 880 563 Locum,
916 535 1009 567 quem
1040 524 1226 556 Aristoteles
1255 525 1327 556 atti-

176 584 266 625 gerit,
291 583 408 614 Zellius
432 582 506 614 dicit
531 592 600 613 esse
626 581 694 612 libr.
719 580 754 619 ΙΙ,
779 592 806 612 c.
829 580 860 614 8.
908 581 971 612 Sed
995 592 1066 612 cum
1090 591 1246 623 nusquam
1270 591 1327 612 ex-

173 640 292 682 pressis
315 638 421 670 verbis
445 638 524 669 hanc
554 637 744 668 sententiam
774 636 926 668 hactenus
958 637 1160 679 proposuerit
1182 637 1327 669 Philoso-

171 696 271 736 phus,
296 695 449 736 Aspasius
481 693 630 734 cogitavit
661 693 700 724 de
723 692 1009 725 Nicomacheorum
1033 693 1173 735 partibus
1198 693 1326 736 quibus-

173 751 257 789 dam,
283 761 361 793 quae
385 751 483 791 ipsius
503 750 569 791 jam
597 754 739 790 tempore
763 749 947 781 exciderint.
984 749 1075 782 Quae
1091 754 1196 781 tamen
1219 754 1326 791 partes

171 807 202 838 in
229 818 323 849 opere
348 812 412 837 tam
437 805 583 837 absoluto
608 805 751 836 excidere
774 804 946 846 potuerint,
967 816 1031 836 non
1055 805 1157 837 video.

262 861 363 898 CAP,
388 860 432 893 ΙΙ.
473 862 500 902 ξ.
529 861 556 892 l.
597 858 723 902 φιλητοῖ)
749 858 868 902 φιλητόν
884 861 1076 893 Fritzschius
1100 872 1117 893 e
1133 859 1190 900 Kb,
1213 859 1266 894 Lb.
1285 880 1323 888 -

172 914 205 950 ἂν
221 916 274 959 εἴη)
300 918 384 948 Idem
402 916 470 949 εῖναι
487 928 504 948 e
520 915 577 948 K¹·.
614 917 709 954 Male,
725 916 797 958 quia
813 922 881 947 tum
898 917 1037 958 suppleri
1053 917 1156 959 possit
1171 914 1270 959 δόξειε.
1283 936 1327 941 —-

172 969 206 1012 ὦς
228 973 319 1015 τέλη)
359 973 443 1005 Utile
473 983 548 1004 vero
578 972 653 1004 ηοη’
666 977 715 1004 est
743 972 859 1003 bonum
884 978 919 1004 ut
943 973 1036 1011 finis,
1072 973 1128 1005 sed
1151 978 1187 1005 ut
1209 974 1326 1005 instru-

173 1034 296 1061 menta:
343 1025 375 1059 τὲ
412 1027 441 1060 δὲ
475 1025 636 1069 χρήσιμον,
670 1033 706 1059 ut
737 1028 811 1060 dicit
840 1029 1011 1070 Aspasius,
1051 1026 1171 1071 φιλητὸν
1200 1026 1235 1068 ὡς
1271 1029 1326 1061 τῶν

172 1084 208 1123 εἷς
239 1081 271 1116 ‘td
302 1084 380 1123 τέλες
411 1097 438 1116 τι
469 1081 659 1116 συντεινόντων
688 1081 736 1115 καὶ
767 1081 915 1124 φερόντων.
971 1085 1120 1117 Ceterum
1151 1085 1190 1117 de
1214 1085 1326 1127 tripar-

171 1142 230 1172 tita
256 1141 307 1172 illa
334 1141 489 1172 bonorum
513 1140 636 1172 ratione
660 1141 698 1172 cf.
724 1151 809 1181 supr.
835 1140 870 1178 11,
895 1152 922 1172 c.
945 1140 975 1179 3,
1000 1141 1026 1182 ξ.
1053 1142 1082 1172 7.

259 1197 286 1238 ξ.
310 1197 340 1229 2.
388 1192 420 1227 τὸ
451 1192 504 1237 rja&
535 1192 622 1235 αὖτέ)
663 1192 735 1227 αὖτέ
765 1197 942 1227 omiserunt
967 1196 1158 1228 Cardwellus
1185 1201 1218 1228 et
1241 1197 1325 1228 Bek-

170 1251 263 1283 kerus
288 1251 418 1282 ducibus
443 1251 497 1289 H··‚
522 1250 578 1288 Kb,
603 1250 658 1290 L''‚
683 1250 746 1289 N'';
788 1253 960 1293 opponitur
984 1258 1089 1283 tamen
1121 1249 1154 1283 τό
1178 1249 1249 1284 αὐτὸ
1273 1249 1327 1294 ἡδύ

169 1307 218 1338 vel
242 1303 339 1345 ἁπλῶς
370 1303 424 1348 ἡὸύ
453 1312 485 1337 et
515 1303 547 1337 τὸ
578 1304 628 1337 τινὶ
661 1303 729 1348 ἡδύ,
764 1313 799 1338 ut
831 1319 926 1349 supra
955 1304 1085 1348 τάγαθόν
1116 1313 1148 1339 et
1175 1305 1209 1339 τὸ
1232 1304 1326 1347 αὐτοῖς

169 1359 290 1403 dyasc'v.
339 1362 513 1393 Articulum
545 1367 649 1393 nutem
674 1362 807 1394 eandem
832 1364 894 1394 vim
919 1363 1034 1395 habere
1058 1375 1094 1395 ac
1119 1375 1228 1395 vocem
1254 1358 1327 1396 αὐτό

169 1418 207 1449 ad
232 1417 467 1459 significandam
493 1418 594 1459 ipsam
618 1418 737 1456 ideam,
767 1419 833 1460 jam
859 1430 952 1461 supra
977 1420 1035 1458 (ad
1060 1419 1089 1458 Ι,
1113 1431 1140 1452 c.
1165 1420 1202 1458 2,
1229 1420 1256 1461 ᾦ.
1284 1421 1325 1459 1)

169 1476 404 1507 adnotavimus.

257 1532 284 1572 ᾧ.
311 1531 340 1562 4.
372 1530 540 1570 πρεςὲνετέεν
565 1528 612 1571 τί)
639 1528 672 1562 ro'
695 1541 759 1563 orn.
785 1531 854 1569 Par,
873 1531 1046 1563 Bekkerus.
1063 1549 1107 1554 --
1128 1528 1210 1572 αὐτό)
1236 1527 1327 1564 ταύτό

167 1587 255 1619 Ven:
282 1584 382 1618 ταύτόν
408 1587 477 1624 Par,
503 1587 677 1618 Bekkerus.
701 1605 745 1610 —
770 1584 793 1618 ἕν
818 1600 845 1618 τι
862 1586 915 1617 τῶν
932 1585 1086 1628 εἰρημένων)
1111 1587 1130 1618 i.
1149 1598 1176 1619 e.
1195 1587 1324 1627 bonurn,

162 1643 356 1684 jucundum,
396 1643 444 1673 vel
475 1643 562 1673 utile.
611 1643 702 1674 Quae
734 1643 791 1673 tria
826 1653 940 1684 genera
971 1643 1063 1674 etiam
1094 1643 1184 1674 initio
1215 1644 1326 1685 capitis

168 1699 330 1739 sequentis
362 1698 597 1737 significantur,
634 1698 746 1739 quibus
777 1699 901 1740 quidem
927 1701 1002 1730 'tres
1026 1699 1180 1732 amicitiae
1205 1699 1325 1742 species

168 1754 322 1785 contineri
348 1754 504 1784 dicuntur.

257 1808 345 1840 CAP
363 1809 424 1844 ΙΙΙ,
471 1809 498 1850 ξ.
527 1809 553 1842 1.
591 1809 686 1850 (Cap.
713 1810 774 1851 ill.)
821 1806 1032 1851 εὐτραπέλους)
1057 1811 1095 1843 cf.
1121 1821 1205 1853 supr.
1231 1810 1273 1849 ll,
1298 1822 1324 1843 c.

169 1865 415 1906 7‚§.13;IV,
439 1877 466 1897 c.
491 1864 522 1901 8,
550 1865 576 1906 ξ.
605 1865 654 1896 10.

255 1920 282 1961 ξ.
307 1920 336 1951 2.
384 1915 404 1964 ᾗ
433 1917 447 1951 ὁ
478 1917 642 1961 φιλεύμενές
674 1921 759 1961 ἐστιν)
808 1922 882 1967 Sine
915 1921 1010 1967 dubio
1045 1927 1130 1967 recte
1161 1926 1325 1968 accentum

165 1976 273 2017 posuit
297 1976 383 2006 solus
408 1976 600 2008 Cardwellus
626 1965 926 2018 sstxcfipsrgv‘ezerms
951 1966 1075 2020 Nempe
1099 1966 1324 2018 affiatur‘snon

166 2038 320 2073 quatenus
345 2032 463 2069 existit,
489 2038 522 2063 ut
544 2032 573 2062 in
599 2043 671 2063 vera
692 2034 844 2068 amicitia:
881 2034 946 2065 vel:
973 2040 1127 2076 quatenus
1151 2040 1213 2066 est
1236 2034 1324 2078 talis,

166 2093 201 2117 ut
224 2088 298 2117 (licit
323 2087 538 2130 Argyropylus
553 2112 560 2125 ,
585 2088 813 2130 Paraplirastes
847 2084 909 2130 (ἔτι
935 2087 1040 2128 τειὸςδε
1067 2103 1106 2129 τις
1131 2087 1205 2122 ἐστὶν
1229 2086 1324 2129 αὐτ-ὅς)

163 2148 196 2174 et
219 2143 406 2175 Aristoteles
430 2154 503 2175 mox
526 2143 593 2185 ipse
619 2138 658 2188 (ᾗ
681 2143 755 2176 ἐστιν
780 2139 808 2184 ’ἐς
831 2145 901 2177 ποτέ
923 2145 1039 2185 ἐστιν),
1064 2156 1113 2178 ex.
1135 2156 1182 2188 gr.
1205 2146 1325 2178 facetus
