1439 2342
219 73 265 109 ¹8
495 74 676 99 commentar.
699 71 732 97 ad
753 70 861 97 Aristot.
885 69 968 96 Euhie.
991 69 1094 96 Nicom.

217 184 358 214 rientiam
382 181 463 211 illam
488 177 617 218 adipisci
642 187 821 217 possumus·
857 175 970 217 Incipit
984 176 1076 217 igitur
1085 175 1212 221 juvenis
1231 187 1250 207 a
1265 177 1367 208 seien-
1406 186 1409 195 ⁴

217 239 283 275 tiis,
319 237 358 267 ab
388 233 630 269 universalibus,
666 231 705 262 ab
736 231 790 268 iis,
821 242 899 272 quae
930 236 1006 262 sunt
1035 241 1093 272 per
1122 230 1366 264 abstractionem

217 293 296 332 (infr.
321 291 428 329 V1,1c.
453 290 485 326 8,
510 289 538 329 ξ.
563 288 664 327 5-6);
689 293 722 318 et
744 291 867 328 postea,
891 297 971 328 quae
994 285 1114 325 didicit,
1137 287 1207 318 usui
1230 292 1264 319 et
1286 298 1365 319 con-

215 346 370 379 suetudini
392 345 474 376 vitae
498 343 726 381 accommodat,
750 342 882 384 ipsaque
904 342 969 373 vita
992 342 1168 374 confirmat.
1214 343 1268 375 Sic
1291 354 1366 385 cog-

215 404 291 434 nitio
316 401 500 444 principium
517 406 576 438 est,
600 411 617 430 a
635 410 696 441 quo
719 398 964 439 proficiscamur,
988 403 1020 429 et
1035 398 1179 429 ultimum
1203 399 1366 440 refugium,

215 459 253 490 ad
278 458 361 500 quod
385 457 614 497 regrediamur.
639 455 722 486 vitae
745 453 989 495 tempestatibus
1011 455 1121 486 functi.

303 514 330 554 ξ.
356 514 386 547 6.
432 510 596 550 ἀκούσεται)
621 522 665 542 sc.
690 510 730 542 de
753 509 911 548 auditore,
942 514 978 541 ut
1005 510 1100 552 paulo
1129 516 1202 542 ante
1231 510 1366 542 vidimus

214 570 252 601 ad
270 571 297 611 ξ.
312 571 343 602 5,
357 580 387 609 p.
405 569 454 600 17.
469 586 509 589 »--
523 566 600 604 τέλος
617 563 692 597 ἐστὶν
707 562 740 597 οὗ
754 565 863 607 γνῶσις)
887 566 1035 607 Cognitio
1052 577 1116 597 non
1131 556 1183 598 est
1201 566 1284 604 finis,
1308 566 1365 597 sed

213 626 295 656 utilis
327 624 421 655 modo
445 623 483 654 ad
507 623 672 663 agendum.
717 622 912 662 Philosopho
937 622 1062 664 quidem
1085 627 1118 653 et
1140 622 1171 653 in
1194 621 1365 653 moralibus

213 680 349 722 cognitio
375 679 445 710 finis
471 683 535 715 est,
560 677 688 718 politico
710 688 786 709 vero
810 678 909 717 aetio3
939 679 1003 720 agit
1026 684 1130 710 autem
1153 678 1215 709 hoc
1238 677 1363 719 quidem

215 737 284 768 loco
302 735 489 767 Aristoteles
513 739 635 765 tantum
658 734 697 765 de
720 734 784 766 fine
806 734 964 775 politicae.

302 793 329 833 ξ.
356 794 384 823 7.
432 787 510 830 παρά
535 787 645 830 χρόνον)
670 789 691 820 i.
713 800 740 821 e.
760 793 885 831 propter
907 793 1034 831 tempu&
1058 802 1121 822 non
1146 798 1197 824 est
1219 792 1309 833 culpa
1331 792 1363 823 in

212 855 364 889 tempore.
397 867 437 872 —
468 843 616 886 ἆκρατέσι)
652 845 888 878 Incontinentes
922 842 1075 887 (ἀκρατεῖς)
1114 848 1198 879 enim
1228 848 1249 879 ii
1279 854 1363 886 sunt,

212 904 280 946 qui,
305 904 377 935 licet
399 914 462 933 non
485 902 647 944 ignorent,
671 901 745 944 quid
768 902 1020 944 persequendum
1044 903 1157 945 quidve
1180 903 1363 945 fugiendum

211 960 267 998 sit,
297 959 504 990 absorbentur
526 963 632 990 tamen
657 963 747 990 aestu
769 958 984 999 cupiditatum.
1032 960 1096 992 Qui
1119 960 1161 992 sit
1183 957 1308 1001 ἀκρατής
1332 965 1365 992 et

211 1013 361 1056 ἐγκρατής,
391 1020 424 1046 et
447 1015 606 1056 quomodo
635 1013 674 1045 ab
705 1010 862 1055 ἀκολάστῳ
891 1019 924 1046 et
952 1012 1078 1055 σώφρονι
1110 1015 1271 1054 differant,
1306 1026 1364 1047 suo

211 1073 279 1102 loco
304 1077 441 1111 exponet
462 1070 617 1102 uberrime
640 1069 828 1101 Aristoteles
854 1070 932 1110 (infr.
958 1070 1029 1108 Vll,
1054 1082 1080 1101 c.
1108 1071 1221 1111 1-10).

299 1128 326 1167 ξ.
350 1126 380 1157 8.
429 1123 665 1166 τεφρειμιάσθω)
696 1124 825 1157 Inverso
849 1126 958 1157 ordine
981 1131 1045 1157 tres
1069 1127 1222 1167 prooemii
1244 1134 1363 1168 partes,

212 1194 288 1224 quas
312 1187 517 1223 exposuerat,
542 1181 670 1222 allegat:
706 1181 734 1221 1)
759 1181 798 1213 de
822 1181 964 1223 subjecto
992 1181 1213 1223 philosophiae
1237 1184 1362 1215 moralis

212 1240 249 1277 (c.
276 1239 288 1270 1
317 1244 349 1269 et
372 1239 420 1277 2);
445 1238 475 1276 2)
501 1237 540 1268 de
563 1237 659 1268 modo
683 1247 753 1269 eam
776 1237 931 1269 tractandi
961 1239 998 1278 (o.
1024 1238 1061 1277 3,
1086 1239 1114 1280 ᾧ.
1143 1240 1241 1279 1-4);
1267 1240 1297 1279 3)
1322 1240 1361 1271 de

211 1294 349 1325 auditore
363 1294 442 1323 illius
459 1293 608 1324 scientiae
624 1294 663 1334 (c.
680 1292 711 1332 3,
728 1293 756 1334 ξ.
770 1293 853 1333 4-8).
882 1293 1035 1324 Nonnulli
1049 1299 1150 1325 totum
1164 1295 1360 1336 prooemium

210 1351 238 1380 in
264 1360 357 1380 unum
384 1356 477 1390 caput
500 1351 739 1391 conjunxerunt.
777 1349 911 1387 Omnes,
935 1350 1115 1381 Aristotelis
1139 1350 1235 1382 verba
1251 1351 1360 1389 secuti,

210 1405 258 1436 hic
290 1405 440 1445 prooemii
471 1406 565 1436 finem
595 1416 666 1437 esse
696 1410 848 1436 statuunt.
896 1406 960 1436 Sed
985 1411 1129 1447 quartum
1160 1412 1270 1447 caput,
1301 1407 1362 1438 etsi

209 1461 370 1492 materiam
393 1467 526 1492 tractare
550 1461 678 1502 incipiat
702 1461 833 1502 (λέγωμεν
855 1457 880 1492 δ’
900 1457 1096 1502 dracmam-eg)
1122 1468 1155 1493 et
1170 1463 1210 1494 de
1233 1463 1360 1494 nomine

210 1517 321 1547 summi
344 1517 419 1548 boni
448 1517 608 1558 loquatur,
637 1522 742 1548 tamen
772 1517 935 1557 prooemio
966 1518 1078 1549 melius
1109 1518 1238 1549 forsitan
1263 1518 1359 1550 adda-

210 1578 268 1608 tur,
293 1583 362 1603 oum
377 1573 563 1604 Aristotcles
588 1584 710 1604 cursum
731 1573 882 1604 orationis
906 1573 1137 1614 interrumpens
1153 1575 1193 1606 de
1209 1574 1359 1606 methodo

210 1627 309 1658 adhuc
333 1629 481 1659 nonnulla
508 1629 569 1659 hoc
593 1629 695 1670 eapite
719 1629 875 1670 explanet.
922 1629 955 1660 ld
979 1629 1157 1661 Eustratius
1181 1631 1248 1672 jam
1270 1630 1358 1668 vidit,
1385 1656 1392 1666 ,

211 1682 261 1723 qui
286 1682 385 1722 (initio
409 1685 622 1715 commentarii
646 1685 677 1716 in
694 1696 761 1726 cap.
776 1685 806 1724 5)
824 1684 1026 1716 Aristotelem
1042 1686 1192 1717 nonnulla
1206 1686 1358 1728 quaedam

210 1738 248 1768 de
261 1738 393 1768 docendi
407 1740 500 1769 modo
513 1741 693 1779 inteljecisse
706 1738 919 1782 (παρεμβαλών)
933 1741 1076 1772 affirmat.
1102 1741 1224 1774 Quinto
1231 1742 1356 1773 demum

210 1793 311 1833 capite
326 1794 406 1824 redit
419 1795 626 1835 Philosophus
644 1796 682 1827 ab
698 1796 750 1828 illa
762 1796 974 1838 digressione:
998 1793 1075 1839 ἡμεῖς
1091 1796 1121 1828 δὲ
1138 1796 1269 1839 λέγωμεν,
1292 1791 1358 1830 ἕθεν

210 1847 409 1889 παρεξέβημεν,
433 1849 476 1880 ita
491 1856 526 1881 ut
542 1851 580 1881 ab
596 1851 656 1882 hoc
680 1852 781 1893 capite
798 1853 992 1884 commodius
1017 1853 1156 1885 secunda
1179 1864 1251 1895 pars
1266 1851 1358 1895 primi

208 1903 276 1934 libri
310 1904 478 1941 ordiretur,
518 1906 576 1936 nisi
612 1907 676 1946 jam
713 1914 745 1938 et
777 1908 908 1940 materia
944 1914 1056 1950 quarto
1095 1909 1198 1952 capite
1231 1907 1356 1941 tractari

208 1964 320 2000 coepta
344 1966 438 1991 esset.
486 1960 648 2001 Digressio
672 1962 763 2002 igitur
785 1964 846 2002 illa,
871 1964 890 1995 i.
915 1975 942 1996 e.
967 1975 1039 2006 pars
1063 1965 1222 2006 posterior
1244 1964 1360 2006 capitis

208 2015 308 2056 quarti
332 2015 371 2056 (ξ.
390 2017 473 2055 5-7),
498 2016 635 2056 pertinet
658 2017 696 2047 nd
721 2020 932 2057 prooemium:
957 2031 1028 2061 pars
1053 2021 1139 2061 prior
1163 2021 1202 2062 (ᾧ.
1222 2021 1292 2061 1-4)
1317 2019 1361 2053 ad

208 2070 376 2102 secundam
400 2071 491 2112 primi
514 2071 582 2102 libri
606 2078 737 2112 partem,
762 2079 796 2105 ut
819 2082 1009 2117 conspectus
1034 2083 1142 2109 noster
1164 2077 1312 2109 declarat.
1350 2083 1360 2100 ⁸

295 2126 394 2157 CAP.
421 2126 475 2157 lv.
524 2128 551 2167 ξ.
581 2128 607 2159 1.
655 2128 746 2169 (Cap.
778 2129 825 2169 H.)
873 2128 1070 2172 ἀναλαβόντες)
1106 2133 1289 2165 Accuratius
1321 2135 1356 2165 ΘΕ
