1434 2307
181 791 492 844 Pracsaiio
534 790 820 843 editionis
862 790 1127 843 alterius,

177 1064 270 1096 Cum
306 1061 429 1095 onmia
469 1062 678 1106 posterioris
712 1060 859 1105 quidem
890 1061 1085 1096 voluminis
1117 1073 1234 1097 exem-

78 1128 193 1173 plaria
219 1126 524 1161 commentarium
550 1127 778 1161 continentis
805 1131 843 1161 et
874 1138 973 1162 anno
1015 1127 1115 1163 1835
1147 1127 1235 1163 editi

78 1192 266 1228 divendita
279 1192 444 1235 fuissent,
468 1193 598 1239 prioris
624 1204 710 1228 vero
737 1193 932 1228 voluminis
947 1198 1088 1228 textum
1117 1194 1235 1228 eonti—

79 1260 201 1294 nentis
227 1258 436 1294 ann01829
450 1259 568 1294 solum
593 1260 631 1293 in
659 1258 777 1294 lucem
798 1258 930 1305 prolati
956 1264 994 1294 et
1017 1271 1116 1294 anno
1141 1259 1236 1295 1835

78 1337 173 1360 novo
198 1330 345 1360 tantum
371 1324 479 1359 titulo
505 1325 604 1360 aucti
630 1325 832 1371 compluria
844 1324 965 1360 adhuc
991 1330 1235 1371 superessent,

79 1391 221 1437 rogavit
264 1402 285 1426 a
322 1402 380 1425 me
412 1390 623 1437 bibliopola,
662 1396 704 1426 ut
736 1395 942 1437 separatam
981 1391 1235 1426 commentarii

79 1456 276 1492 editionem
309 1456 475 1492 facerem.
514 1457 583 1492 Cui
609 1458 803 1504 rogationi,
828 1457 898 1493 etsi
922 1457 1070 1499 invitus,
1095 1456 1142 1492 ob
1158 1461 1235 1491 tex-

78 1527 138 1557 tus
176 1520 424 1557 conditionem
461 1522 500 1557 in
539 1522 710 1558 editionis
747 1523 877 1569 prioris
915 1522 1140 1568 praefatione
1173 1533 1233 1557 ex-

77 1588 244 1634 positam,
269 1588 438 1623 resistere
465 1588 576 1631 nolui,
601 1600 645 1624 ea
659 1593 783 1624 tamen
797 1589 888 1635 lege,
913 1593 955 1623 ut
978 1599 1115 1623 novum
1139 1599 1235 1622 novo

76 1665 161 1688 cum
187 1664 287 1688 anno
315 1653 464 1688 titulum
490 1655 607 1690 textui
630 1653 784 1701 praefigi
816 1665 944 1701 passus
982 1666 1058 1689 non
1085 1654 1164 1696 sim,
1188 1665 1235 1688 ne

77 1719 158 1764 quis
184 1719 298 1754 lector
323 1720 524 1765 putaverit,
551 1719 718 1755 mutandi
744 1724 865 1756 textus
889 1721 1032 1767 copiam
1061 1720 1150 1755 mihi
1184 1719 1233 1754 fa-

76 1789 174 1820 ctam
199 1784 319 1820 fuisse.

174 1851 204 1886 E
229 1849 504 1886 reeensionibus
530 1851 675 1893 criticis,
702 1856 743 1886 ut
774 1855 963 1894 vocantur,
989 1862 1082 1896 quae
1115 1850 1233 1896 operis

78 1917 148 1951 mei
174 1917 211 1951 in
226 1916 342 1951 Gallia
368 1921 407 1951 ot
423 1916 621 1952 Germania
645 1916 859 1963 prodierint,
885 1917 976 1953 duas
1003 1921 1150 1952 tantum
1177 1916 1235 1950 hie

77 1982 385 2025 commemorabo,
417 1983 552 2028 quippe
583 1993 677 2028 quae
716 1983 813 2018 solae
846 1984 1052 2018 accuratius
1091 1981 1236 2027 singula

77 2047 315 2094 perpendant.
375 2048 552 2094 Majorem
586 2053 710 2084 tamen
743 2048 904 2083 fructum
936 2046 1046 2082 editio
1079 2057 1160 2080 mea
1193 2056 1236 2079 ex

1037 2139 1079 2171 1⁹(-
