1439 2342
478 58 550 86 Libri
571 59 591 86 1.
633 60 699 96 Cap.
718 61 754 87 vi
776 60 844 94 (lv).
1196 61 1244 96 39

87 165 251 206 categoriis
280 176 345 197 non
375 177 467 198 suum
492 167 604 210 cuique
633 178 752 200 nomen
782 168 925 200 solemne
953 169 1014 200 hoc
1038 169 1108 200 loco
1133 175 1243 201 auctor

87 221 212 260 tribuit,
245 233 316 254 cum
340 222 423 254 dicat
450 222 475 254 ἐν
496 219 593 265 χρόνῳ
615 234 674 265 pro
700 224 725 255 ἐν
748 223 789 265 τῷ
813 224 898 255 ποτ-ἔκ
930 224 956 255 ἐν
982 224 1021 266 τῷ
1044 224 1076 256 τί
1093 236 1168 256 vero
1192 232 1242 257 est

87 277 229 309 solemne
262 277 449 310 vocabulum
485 289 543 320 pro
573 279 599 310 ἐν
629 276 710 321 οὐσίᾳ
750 280 800 321 (cf.
833 291 919 322 supr.
952 281 991 312 ad
1021 292 1048 312 c.
1082 282 1119 319 4,
1152 282 1179 322 ξ.
1210 283 1241 320 2,

86 343 117 374 p.
142 334 208 374 20).
235 351 273 356 —
297 330 411 374 καιρός)
436 334 680 375 Paraplirastes:
706 331 720 366 ὁ
745 333 900 376 {mx-rideam:
926 334 1039 377 ἑκάστῳ
1062 334 1174 377 χρόνος.
1200 356 1238 362 -—

86 388 193 429 δίαιτα)
216 388 321 420 Idem:
339 386 448 427 ’τόπος,
470 389 495 420 ἐν
519 385 544 430 ᾧ
565 385 596 421 εὖ
619 388 760 433 διάγομεν.

173 445 202 486 ᾧ.
230 445 260 477 4.
306 445 394 476 Haec
422 446 569 477 refutatio
598 446 779 477 Aristotelis
810 448 1000 478 sententiam
1030 448 1099 478 lucc
1129 448 1241 480 clarius

84 500 229 542 explicat.
277 500 430 532 Omnium
460 501 617 532 bonorum
648 514 712 533 non
743 508 793 534 est
821 514 883 534 una
915 502 1062 541 scientia,
1092 503 1181 544 quia,
1214 505 1241 535 si

85 556 330 598 uniuscnjusque
360 557 510 588 scientiae
535 558 631 589 finem
656 558 705 589 vel
728 558 846 589 bonum
871 570 909 590 ex
931 559 1002 590 idea
1032 559 1108 590 boni
1131 560 1239 591 exclu-

84 613 158 644 dere
172 612 316 650 vclimus,
341 618 376 643 ut
398 624 600 645 communem
624 614 728 646 ideam
752 615 981 653 nanciscamur,
1006 626 1069 646 una
1083 615 1136 646 illa
1151 616 1240 647 ideae

84 668 183 710 ipsius
220 668 352 699 scientia
381 669 591 700 determinato
621 682 746 712 quoqne
777 676 862 702 caret
899 676 1096 711 argumente.
1147 671 1240 702 Plato

84 725 209 766 quidem
235 724 375 755 omnium
399 725 540 756 idearum
563 737 658 757 unam
683 727 793 757 statuit
816 737 887 758 esse
911 727 1093 764 scientiam,
1124 737 1240 768 nempe

83 780 296 819 dialecticam3
326 781 382 811 sed
413 792 510 822 purae
540 782 612 813 illae
641 782 783 813 Platonis
814 782 903 813 ideae
934 794 993 813 nec
1022 787 1171 823 poterant
1201 783 1239 813 ad

83 836 167 867 aliud
189 842 408 877 argumentum
438 848 497 878 per
519 848 553 868 se
576 838 662 878 ipsas
689 838 863 878 pervenire.
910 839 953 869 Et
976 838 1146 879 exprobrat
1167 838 1239 869 Ari-

83 892 214 923 stoteles
250 892 406 933 (Metaph.
435 893 510 931 XII,
545 894 573 933 1)
609 894 750 924 idearum
786 894 984 932 auctoribus,
1021 894 1106 935 quod
1138 894 1239 935 logice

82 952 206 979 tantum
229 948 268 979 de
291 948 370 980 ideis
388 954 549 990 quaerant.
589 950 715 990 Nempe
738 950 839 990 logica
863 950 938 980 boni
960 950 1030 980 idea
1054 961 1130 980 sane
1152 950 1239 980 radix

83 1004 147 1035 sive
165 1015 273 1035 semen
291 1005 433 1035 omnium
456 1004 614 1035 bonorum
638 1010 698 1041 est,
723 1006 779 1036 sed
803 1016 878 1042 non,
903 1010 1058 1046 quatenus
1082 1005 1240 1036 abstracta

83 1065 133 1091 est
156 1071 174 1091 a
198 1060 309 1091 ceteris
333 1060 441 1099 bonis,
470 1072 545 1092 vera
570 1062 637 1102 jam
661 1061 777 1101 gaudet
799 1061 966 1092 existentia
995 1066 1028 1092 et
1051 1060 1238 1092 substantia.

85 1117 149 1148 Qui
172 1127 236 1146 non
255 1116 373 1153 vident,
397 1116 615 1157 hujuscemodi
632 1117 850 1157 disquisitione
873 1128 922 1147 rcs
947 1117 1063 1147 summi
1086 1117 1239 1147 momenti

83 1171 254 1212 dijudicari,
277 1177 412 1212 possunt
435 1183 505 1203 cun]
532 1172 648 1203 Garvio
672 1172 861 1202 exclamare:
886 1174 965 1203 Eine
985 1173 1040 1203 cler
1062 1173 1239 1203 ermic'clencl-

82 1228 145 1255 sien
172 1225 451 1265 Untersuclzunyen,
481 1227 538 1255 wie
561 1226 634 1263 alle,
666 1227 697 1256 z'n
720 1226 829 1256 welche
857 1227 923 1256 sich
946 1227 994 1256 die
1024 1226 1239 1265 uqfrzcclztbare

85 1278 210 1308 Tlieorie
233 1278 287 1309 cler
308 1278 517 1309 Platonisclzen
541 1279 611 1308 Idee
634 1279 807 1309 einmisclzl!
850 1279 896 1309 Es
918 1281 959 1309 ist
979 1281 1044 1309 cine
1064 1280 1161 1309 Reilze
1182 1290 1239 1310 von

83 1331 280 1368 Samnitium,
304 1331 352 1361 die
375 1332 459 1361 nicht
479 1332 591 1362 einmal
610 1342 648 1361 zu
671 1332 765 1362 eileem
781 1332 922 1362 Scltlztsse
941 1332 1088 1371 gebracht
1109 1332 1238 1362 werden.

82 1383 208 1424 Nempe
230 1383 332 1413 innuit
363 1383 459 1413 modo
482 1383 691 1422 Aristoteles,
722 1394 852 1425 remque
876 1384 986 1414 leviter
1009 1384 1151 1425 stringit3
1183 1385 1239 1415 sed

84 1438 218 1480 sapienti
249 1444 308 1470 sat.
363 1438 513 1469 Admittit
542 1439 646 1470 ideam
678 1439 866 1470 Aristoteles
895 1439 927 1469 in
958 1439 1090 1482 singulis
1116 1439 1238 1470 inhabi-

82 1500 212 1526 tantem.
259 1494 337 1525 Illud
367 1499 474 1525 tamen
502 1495 636 1526 interest
665 1494 746 1526 inter
768 1496 935 1526 Platonem
968 1501 1000 1526 et
1022 1495 1238 1533 Aristotelem,

83 1550 184 1592 quod,
220 1561 292 1581 cum
326 1550 378 1581 ille
408 1550 534 1591 quidem
568 1551 756 1581 universalia
789 1551 906 1591 primas
942 1561 1013 1581 esse
1047 1550 1240 1581 substantias

81 1611 189 1647 putet,
219 1606 270 1636 hic
301 1606 424 1647 (Categ.
450 1618 476 1638 c.
502 1607 535 1646 5)
566 1606 682 1637 rectius
707 1606 889 1647 singularia3
919 1617 993 1636 nam
1020 1605 1239 1646 singularibus,

82 1667 118 1693 ut
141 1661 290 1703 subjectis
316 1657 538 1703 (ὑπεκειμένοις),
567 1662 770 1700 universalia,
802 1667 952 1703 tanquam
982 1662 1141 1693 secundae
1164 1661 1240 1692 sub-

83 1717 235 1756 stantiae,
265 1718 486 1756 continentur,
515 1729 581 1749 non
605 1723 724 1749 contra.
749 1738 792 1742 —
815 1717 867 1759 μία
890 1715 939 1748 καὶ
964 1714 1120 1758 ἐπιστήμη)
1153 1717 1242 1748 Dicit

83 1773 167 1806 enim
189 1773 281 1805 Plato
310 1774 342 1804 in
366 1774 573 1813 parmenide,
604 1779 640 1804 ut
664 1779 738 1805 sunt
766 1774 872 1812 ideae,
904 1773 948 1804 ita
976 1784 1047 1805 esse
1076 1773 1240 1805 scientiam

82 1834 235 1861 nostram.
284 1829 413 1871 Quippe
434 1830 507 1861 idea
529 1835 579 1861 est
601 1830 670 1870 ipsa
700 1829 830 1861 scientia
859 1829 904 1860 rei
928 1829 1061 1860 ideatae.
1087 1847 1128 1852 —
1153 1822 1183 1870 ἧν
1208 1825 1239 1860 ἂν

82 1885 134 1927 μία
156 1899 197 1924 τις
221 1883 377 1928 ἐπιστήμη)
409 1886 527 1917 Zellius
558 1891 668 1917 contra
697 1896 772 1916 suos
804 1886 929 1917 codices
961 1878 992 1916 ι’ἷν
1022 1885 1131 1927 ejecit,
1166 1885 1239 1922 Ald,

83 1941 274 1980 Victorium,
308 1942 493 1973 Turnebum
531 1948 564 1972 et
593 1942 772 1973 Morellium
808 1946 947 1973 secutus.
1002 1941 1067 1972 Sed
1101 1952 1174 1972 cum
1208 1945 1241 1971 et

65 1997 220 2030 'Bekkeri
242 2002 275 2028 et
297 1997 492 2029 W⁷ilkinsoni
516 1997 640 2029 codices
664 2009 736 2029 cum
759 1997 819 2029 illis
843 1997 1055 2034 consentiant,
1079 2008 1117 2028 eo
1141 1996 1240 2038 magis

82 2053 284 2084 retinendum
299 2053 419 2092 censui,
444 2054 528 2095 quod
551 2054 735 2085 notissimus
757 2054 808 2085 ille
830 2053 980 2094 loquendi
995 2064 1070 2084 usus
1095 2063 1159 2083 non
1180 2052 1241 2084 nisi

83 2109 117 2141 in
130 2109 234 2141 vivida
249 2109 393 2141 oratione
416 2114 450 2141 et
463 2109 496 2140 in
511 2109 616 2148 rebus,
640 2120 721 2151 quae
736 2110 803 2141 fieri
819 2114 966 2150 possunt,
989 2109 1095 2140 locum
1113 2107 1239 2140 habeat.
