1439 2342
466 56 539 83 Libri
560 56 579 82 1.
622 56 687 91 Cap.
711 55 761 82 VII
785 56 840 88 (V).
1186 53 1234 88 45

76 168 246 200 multorum
277 165 460 207 opiniones,
495 175 629 206 quorum
660 164 710 196 alii
739 164 833 196 alium
870 164 984 202 finem,
1020 163 1110 196 Plato
1138 175 1233 195 unam

76 224 178 255 ideam
203 226 391 254 statuerunt.
426 221 514 252 Haec
537 220 692 252 aberratio
716 221 785 262 ipsa
798 220 1028 262 Philosophum
1039 220 1106 262 jam
1130 219 1169 250 ad
1186 230 1233 257 ea,

78 290 157 322 quae
182 278 241 310 sibi
265 281 490 319 proposuerat,
521 276 646 307 reduxit
677 276 723 317 (εἰς
754 273 786 307 τὲ
817 273 888 307 αὐτὸ
920 273 1064 316 ἀφῖκται).
1109 275 1235 316 Nempe

77 334 330 375 investigandum
347 336 406 370 est,
431 331 601 373 quomodo,
625 343 698 364 cum
715 332 779 363 sint
795 332 900 373 plures
916 332 1007 369 fines,
1031 342 1113 362 unus
1129 336 1236 362 tamen

78 401 186 423 eorum
218 399 344 430 semper
374 387 415 418 sit
448 397 506 428 per
535 398 569 418 se
599 392 739 425 tantum,
775 398 936 428 nunquam
971 392 1101 428 propter
1136 387 1236 425 aliud3

79 447 131 489 qui
155 456 231 477 sane
256 444 316 476 erit
338 443 411 474 finis
434 442 611 482 bonorum,
636 453 730 484 quem
755 443 946 484 quaerimus.

169 502 196 543 ξ.
223 501 253 532 3.
291 498 423 536 πλοῦτον,
448 495 560 539 αὐλούς)
585 499 672 531 Nihil
697 499 767 530 miri
789 499 935 540 equidem
960 498 991 529 in
1008 498 1154 529 tibiarum
1178 499 1238 530 ista

80 564 112 591 et
135 557 312 589 divitiarum
337 555 560 597 conjunctione
582 555 726 593 invenio,
759 565 830 586 cum
855 555 972 586 Zellius
996 551 1098 592 αὐλούς
1121 565 1160 585 ex
1188 565 1237 586 se-

81 619 196 656 quente
214 607 284 649 ἶλως
300 616 410 642 natum
423 621 494 642 esse
512 611 700 652 suspicetur,
713 611 849 652 ideoque
862 611 1031 642 delendum
1044 616 1183 642 censeat.
1198 629 1239 633 —

81 670 186 709 τέλεια)
214 667 315 700 τέλειςν
340 679 404 698 non
428 673 477 698 est
500 667 685 707 perfectum,
711 666 767 697 sed
789 667 873 708 quod
897 666 994 698 finem
1018 678 1109 698 suum
1135 666 1238 707 (τέλος)

82 725 272 767 exsequitur,
298 724 456 764 finemque
473 734 564 753 suum
581 733 707 763 semper
722 722 754 752 in
771 733 816 761 se,
832 733 993 764 nunquam
1009 722 1040 753 in
1057 722 1118 754 alio
1134 722 1240 754 habet.

170 782 199 822 ξ.
227 780 258 812 4.
305 777 369 819 αἰεί)
406 779 493 809 Haec
526 779 628 809 forma
661 789 733 809 cum
768 778 953 818 saepissime
987 778 1019 809 in
1050 777 1241 809 editionibus

83 836 263 869 Aristotelis
295 839 455 872 occurrat,
486 839 605 865 temere
629 833 745 875 ubique
776 845 793 864 a
815 833 962 865 Bekkero
985 833 1017 864 in
1049 830 1096 865 σῖεί
1120 839 1242 865 mutata

83 894 216 925 videtur.
255 892 338 923 Nam
356 891 413 922 hac
429 891 468 921 de
485 901 518 921 re
538 890 681 921 codicum
707 890 886 921 auctoritati
898 890 1079 921 Bekkerum
1094 901 1241 931 superse—

84 950 179 987 disse,
202 949 251 980 vel
276 958 314 979 ex
339 946 670 987 Trendelenburgiana
693 946 874 977 Aristotelis
898 946 937 977 de
952 946 1069 977 Anima
1090 945 1241 977 librorum

85 1005 223 1037 editione
248 1009 394 1044 apparet,
425 1002 478 1033 ubi
501 1002 600 1033 multa
623 1002 726 1033 editor
756 1012 921 1043 perperam
948 1002 1094 1034 retulisse
1116 1002 1242 1034 Bekke-

84 1073 153 1093 rum
187 1059 302 1101 arguit,
335 1058 476 1090 codicem
510 1058 666 1099 quendam
700 1069 717 1088 a
741 1068 774 1088 se
799 1057 869 1098 ipso
890 1058 1087 1099 inspectum,
1119 1069 1167 1090 ex.
1197 1069 1242 1100 gr.

85 1117 153 1149 libr.
179 1117 214 1155 11,
240 1128 266 1147 c.
284 1115 315 1152 8,
341 1115 368 1155 ξ.
386 1114 417 1151 4,
442 1113 472 1144 δὲ
497 1112 554 1144 αἰεί
574 1113 720 1144 exhibere
745 1112 885 1144 scribens
911 1114 1023 1154 (Praef.
1046 1125 1078 1155 p.
1102 1114 1244 1154 XXVII),

85 1184 156 1205 cum
173 1171 337 1204 Bekkerus
361 1169 522 1201 codicibus
546 1169 699 1211 neglectis
723 1166 750 1200 ιδ’
779 1166 826 1200 αἐί
845 1169 988 1200 ediderit.
1024 1169 1132 1212 Itaque
1156 1170 1244 1202 codi-

85 1229 173 1261 cibus
202 1227 314 1269 procul
337 1225 433 1257 dubio
465 1225 524 1257 αἰεί
550 1225 675 1267 saepius
706 1225 756 1257 vel
786 1226 882 1257 etiam
908 1226 1088 1267 promiscue
1112 1226 1244 1268 legenti-

85 1285 154 1323 bus,
178 1289 213 1315 ut
235 1283 354 1324 passim
378 1282 417 1313 de
441 1281 611 1313 Parisiensi
630 1281 748 1313 Zellius
771 1281 904 1320 notavit,
928 1282 1094 1314 Aristoteli
1117 1293 1155 1313 ex
1178 1282 1245 1314 dia-

85 1341 168 1372 lecto
192 1340 223 1371 in
246 1350 307 1370 usu
329 1338 425 1369 fuisse
449 1342 539 1378 puto,
563 1336 620 1368 αἰεί
638 1348 696 1378 pro
717 1334 764 1368 ἇεί
783 1338 1006 1379 pronuntiasse
1023 1343 1055 1370 et
1071 1339 1246 1380 scripsisse,

87 1402 121 1428 ut
152 1392 237 1428 αι’νὲέν
269 1405 326 1436 pro
359 1391 436 1424 εὗὸἔν
473 1394 546 1434 (vid.
577 1404 662 1435 supr.
694 1394 734 1425 ad
764 1406 791 1425 c.
820 1395 853 1432 1,
885 1394 913 1435 ᾧ.
939 1396 982 1434 5).
1028 1395 1153 1426 Eodem
1182 1395 1247 1426 fere

87 1452 183 1484 modo
207 1451 358 1493 Hegelius
382 1455 492 1482 noster
514 1451 590 1489 Itzt,
619 1460 684 1480 non
707 1450 788 1482 Jet:t
807 1450 1039 1491 pronunciabat
1069 1456 1101 1482 et
1130 1451 1248 1482 scribe-

87 1509 158 1547 bat;
187 1507 272 1549 quod
295 1507 414 1538 idioma
443 1506 469 1537 si
492 1506 524 1537 in
554 1505 820 1547 praelectionibus
850 1512 883 1537 et
912 1505 999 1537 libris
1023 1507 1090 1548 ejus
1115 1518 1133 1538 a
1155 1506 1247 1538 nobis

87 1565 179 1596 editis
203 1574 268 1594 non
292 1562 497 1600 retinuimus,
525 1562 618 1593 venia
641 1562 744 1592 danda
768 1567 834 1599 est,
858 1572 929 1592 cum
950 1562 1019 1602 ipse
1042 1562 1191 1603 Hegelius
1214 1562 1246 1593 in

87 1620 177 1652 novis
195 1618 467 1660 Encyclopaediae
492 1628 568 1649 suae
592 1617 783 1648 editionibus
810 1616 967 1658 abjecerit.
1004 1618 1246 1657 Quaestionem,

88 1689 127 1708 an
140 1675 328 1708 Aristoteles
341 1679 374 1705 et
384 1674 454 1715 ipse
465 1673 497 1704 in
509 1674 630 1715 Lyceo,
642 1672 823 1704 Bekkerum
837 1679 1053 1713 excusaturus,
1073 1674 1130 1706 αἰεί
1132 1675 1202 1716 jam
1216 1675 1248 1706 in

89 1729 136 1764 ἇεί
154 1731 333 1768 mutaverit,
350 1731 380 1761 in
398 1730 503 1761 medio
516 1729 700 1770 relinquam.
740 1728 772 1759 Id
796 1729 898 1761 solum
914 1730 1039 1769 addam,
1063 1741 1104 1761 ne
1119 1731 1246 1762 Bekke-

88 1800 157 1820 rum
176 1788 303 1830 quidem
318 1787 394 1817 illud
407 1785 464 1817 αἰεί
481 1797 519 1817 ex
532 1785 671 1817 editione
685 1796 741 1816 sua
757 1785 885 1826 penitus
898 1786 1071 1828 exstirpare
1094 1787 1249 1828 potuisse,

90 1856 162 1877 cum
186 1844 308 1885 legatur
339 1853 388 1874 ex.
412 1853 457 1883 gr.
482 1842 578 1873 Polit.
603 1842 641 1880 V,
665 1840 696 1879 9,
720 1852 752 1882 p.
778 1841 863 1875 1310
887 1853 914 1880 a,
938 1841 958 1874 l.
983 1843 1002 1876 6
1011 1856 1019 1882 3
1044 1843 1125 1874 Met.
1144 1843 1196 1881 VI,
1219 1843 1249 1880 2,

89 1912 121 1942 p.
150 1899 245 1938 1027,
268 1911 296 1937 a,
320 1899 340 1930 l.
370 1899 419 1931 15.
472 1898 559 1930 Quin
585 1897 624 1928 ad
647 1897 728 1928 Met.
746 1897 773 1928 II
798 1898 828 1938 (α
853 1895 992 1939 ἔλαττον),
1015 1898 1042 1938 1,
1066 1910 1098 1940 p.
1119 1898 1194 1938 993,
1219 1899 1249 1937 b,

89 1958 109 1988 1.
135 1956 177 1988 ⁴28
206 1956 275 1996 ipse
306 1955 455 1993 adnotat,
489 1954 570 1985 duos
599 1953 724 1984 codices
750 1953 810 1993 (Q,
835 1955 874 1994 T)
901 1954 958 1985 αἰεί
977 1965 1034 1996 pro
1065 1951 1112 1986 ἇεί
1129 1955 1249 1996 legere3

89 2012 167 2044 liber
179 2017 285 2043 autem
299 2011 351 2042 ille
371 2010 509 2051 scriptus
530 2015 589 2048 est,
608 2013 777 2051 antequam
795 2010 827 2041 in
842 2010 951 2052 Lyceo
965 2011 1094 2042 doceret
1115 2011 1163 2051 (cf.
1187 2010 1251 2042 Mi-

91 2068 212 2107 chelet,
242 2068 383 2099 Examen
411 2067 540 2107 critique
568 2067 604 2097 de
633 2067 662 2097 Ia
685 2066 912 2107 Mbtaphysique
934 2067 1112 2106 d’Aristote,
1142 2077 1173 2108 p.
1197 2066 1250 2104 93,

91 2124 150 2162 30,
175 2123 241 2164 56.)
