1439 2342
389 93 463 120 Libri
478 93 550 120 vm.
571 91 636 128 esp.
659 92 698 119 1x
719 92 788 126 (xl).
1101 88 1176 124 269

54 192 82 233 'it
103 201 278 233 Panschius
293 202 348 241 (de
379 202 454 233 Eth.
478 201 548 233 Nic.
580 200 716 242 genuino
732 200 827 233 Arist.
851 199 941 239 libro,
971 210 1003 242 p.
1033 199 1179 241 34-37)‚

46 267 108 289 unc
143 263 310 290 tractatum
341 258 380 289 ad
411 258 524 289 Ethica
557 257 771 289 Nicomachea
805 257 951 299 primitus
985 267 1048 288 non
1084 258 1181 298 perti-

47 313 149 353 uisse;
185 320 297 356 postea
326 319 430 346 autem
468 326 538 345 curn
566 314 596 344 hi
628 313 696 345 libri
733 313 817 351 (Vlll
847 319 879 344 et
902 313 959 353 IX)
995 314 1181 346 Nicomachi

46 380 122 412 pera
145 382 240 401 unum
266 371 295 401 in
321 381 436 412 corpus
461 382 531 402 cuni
556 370 681 412 reliquis
714 369 799 400 libris
825 370 1007 408 coaluerint,
1032 376 1098 401 tum
1124 370 1180 402 de-

56 437 110 457 um
134 426 341 468 interpolatos
367 427 462 458 fuisse
488 438 542 458 eos
567 427 664 463 locos,
691 426 720 456 in
739 426 852 468 quibus
874 426 898 456 ἐν
923 422 1003 470 εἵρχῇ
1027 427 1065 458 de
1091 426 1181 458 initio

60 483 121 513 tius
145 483 249 523 operis
274 483 510 524 intelligendum
543 483 592 520 sit,
623 483 757 523 exempli
789 483 888 523 gratia
916 481 971 521 IX,
996 493 1022 514 c.
1049 483 1079 520 9,
1105 484 1133 524 ξ.
1161 482 1180 515 6

36 537 58 576 Ι,
83 549 109 570 c.
136 540 166 576 7,
191 538 295 580 §.130
321 545 353 570 et
377 539 404 580 ξ.
430 541 448 572 7
475 538 508 579 (Ι,
534 550 560 570 c.
586 538 617 577 8,
642 539 668 580 ᾧ.
696 538 760 577 10).
809 539 872 570 Sed
903 538 928 569 si
953 538 1002 570 hic
1026 544 1179 571 tractatus

45 605 62 626 e
85 594 231 632 amicitia,
257 601 290 626 ut
315 596 459 637 equidem
485 596 628 633 arbitror,
655 597 720 637 jam
746 606 784 626 eo
801 595 863 626 fine
886 595 1085 636 conscriptus
1110 596 1178 635 fuit,

44 655 58 682 t
86 652 118 682 in
149 663 244 683 unum
282 664 395 693 corpus
426 664 495 683 cum
531 652 658 694 reliquis
695 653 733 683 de
765 651 904 683 moribus
940 652 1179 684 tractationibus

41 708 230 747 oalesceret‚
265 720 326 739 non
358 709 468 746 video,
499 720 554 740 cur
584 709 608 739 ἐν
633 705 716 752 ἆρχῇ
739 708 777 739 ab
806 708 876 749 ipso
907 714 1034 739 auctore
1063 708 1179 751 ubique

44 764 198 795 rofectum
224 776 286 795 non
313 770 480 807 utrumque
511 776 639 796 sensum
673 765 787 796 habere
811 765 926 805 possit:
959 765 996 796 cf.
1023 776 1118 806 supra
1141 766 1179 797 ad

51 819 86 858 ΙΙ,
104 832 131 851 c.
149 822 178 858 6,
197 821 224 862 ᾧ.
239 820 268 852 6.
294 822 362 852 Nec
375 821 562 852 contradicit
581 823 651 860 hoc,
666 827 700 852 ut
712 821 779 852 vult
796 821 939 852 Stahrius
955 821 988 860 (l.
1005 822 1024 852 l.
1038 832 1068 862 p.
1086 822 1178 860 388),

32 875 68 913 is,
86 887 165 918 quae
190 887 283 918 supra
308 877 346 908 ad
364 889 389 908 c.
408 877 438 914 6,
464 878 489 918 ξ.
512 878 538 909 1.
562 878 686 916 notavi3
713 877 881 909 schedulae
899 878 982 908 enim
999 878 1066 919 ejus
1084 889 1178 919 prae-

33 933 192 964 actionum
220 934 334 975 partis,
368 945 446 976 quae
477 934 644 965 amicitiam
677 933 843 970 tractabat,
877 939 987 975 rogatu
1016 935 1177 976 cujusdam

43 987 166 1030 iscipuli
188 989 217 1020 in
244 990 345 1021 lucem
362 995 397 1021 ut
421 995 572 1021 tractatus
598 990 761 1031 singularis
783 990 885 1021 editae
902 990 1037 1021 suerunt.
1063 1009 1099 1014 —
1128 988 1178 1022 καὶ

39 1041 75 1085 ἂρ
99 1043 147 1076 καὶ
171 1042 204 1076 τὸ
229 1045 345 1085 δι’καιεν)
375 1047 516 1078 Alterum
541 1045 594 1078 καί
613 1058 676 1078 om.
701 1046 875 1084 Bekkerus,
894 1047 974 1077 Veri.

111 1102 137 1143 ξ.
163 1102 192 1134 3.
240 1100 276 1133 ml
303 1095 404 1143 ἄδικα)
428 1100 464 1134 τοὶ
489 1102 586 1135 δίκαια
610 1102 670 1134 Lb:
698 1099 733 1134 rol
751 1094 835 1133 ἄδικα
859 1100 907 1133 καὶ
932 1099 968 1133 ταὶ
993 1101 1089 1135 δίκαια
1105 1102 1174 1135 Mb:

39 1157 58 1189 δι
82 1158 178 1190 δίκαια
200 1156 247 1190 καὶ
271 1156 307 1190 τοὶ
333 1151 417 1190 ἄδικα
444 1160 532 1192 CCC
563 1160 613 1200 (ad
638 1170 724 1190 oram
748 1169 823 1190 vero
847 1164 955 1190 nostra
983 1165 1032 1190 est
1054 1160 1175 1199 lectio),

50 1214 91 1252 ld,
105 1215 184 1246 Ven.
201 1233 245 1238 -w-
262 1214 303 1256 τῷ
318 1214 427 1256 μᾶλλον
443 1212 513 1255 πρὸς
530 1214 630 1254 φίλευς
647 1214 730 1253 εἶναι)
747 1215 899 1256 Intellige,
929 1216 1019 1257 quasi
1043 1216 1083 1247 sit
1105 1213 1175 1257 πρὲς

42 1269 128 1302 ἄλλον
145 1269 252 1310 φίλους.
286 1271 338 1302 Sic
362 1272 526 1313 Aspasius,
545 1272 779 1312 paraphrastes,
805 1272 935 1309 Coraes,
960 1273 1174 1314 Argyropylus

38 1316 80 1358 tc.
108 1327 262 1368 Exempla
286 1327 422 1369 quidem,
443 1338 520 1368 quae
538 1332 721 1369 sequuntur,
745 1338 808 1358 non
825 1327 1024 1368 impedirent,
1049 1329 1174 1370 quomi-

42 1393 79 1414 us
103 1388 348 1415 vertamusaeoe
370 1394 403 1415 eo
426 1388 544 1415 sumunt
572 1386 799 1422 incrementum,
829 1385 908 1424 quod
928 1385 1085 1425 injustiora
1108 1389 1178 1417 sunt

27 1449 92 1485 “qa
115 1441 237 1478 amicos,
262 1439 434 1470 dummodo
459 1451 499 1471 ne
522 1431 639 1481 αὔξησιν
661 1436 812 1481 λαμβάνειν
836 1446 868 1471 et
883 1439 992 1481 μᾶλλον
1016 1439 1083 1472 εἶναι
1107 1447 1174 1472 tum

42 1505 74 1525 er
104 1495 324 1536 pleonasmum
349 1502 456 1527 essent
480 1496 573 1527 dicta.
598 1515 640 1520 —
666 1491 818 1535 ἑντινιιοῧν)
857 1491 973 1527 ὁντινοῦν
998 1497 1173 1529 Bekkerus.

108 1551 136 1592 {n
161 1551 191 1582 4.
216 1550 351 1583 κοινωνίαι
376 1551 470 1590 πᾶσι)
500 1553 561 1583 Pro
586 1552 659 1583 πᾶσι
684 1552 794 1593 legunt
818 1551 912 1583 πεῖσαι
935 1553 1173 1594 Paraphrastes,

50 1607 245 1649 rgyropylus,
269 1608 341 1646 Ald,
366 1609 445 1646 Ven,
474 1609 590 1639 Zellius
621 1620 692 1640 cum
721 1609 791 1645 Par,
825 1608 955 1646 Coi-aes,
982 1609 1173 1642 Cardwellus

37 1667 51 1693 t
74 1663 236 1694 Bekkerus
261 1675 300 1694 ex
324 1664 388 1694 suis
413 1664 575 1695 codicibus
600 1665 648 1704 (cf.
666 1665 745 1708 infra
762 1665 788 1705 ξ.
808 1663 856 1704 6);
882 1669 914 1695 et
930 1665 1063 1696 miscent
1079 1678 1174 1709 saepe

58 1724 90 1750 et
118 1731 148 1750 αι
179 1719 304 1751 librarii.
351 1721 524 1761 Aspasius:
554 1717 641 1762 μόρια
674 1720 703 1752 δὲ
728 1720 777 1761 τῆς
802 1720 949 1762 πολιτικῆς
980 1722 1010 1753 αἱ
1036 1722 1172 1755 κοινωνίαι

37 1773 72 1804 ὤν
96 1775 279 1814 στρατιωτῶν
301 1773 349 1806 καὶ
374 1776 427 1807 τῶν
451 1776 566 1808 λοιπῶν.
594 1777 688 1818 Legit
705 1777 797 1818 igitur
813 1777 967 1818 interpres
982 1778 1049 1819 ipse
1067 1778 1171 1817 πᾶσαι,

41 1841 76 1862 ec
99 1831 188 1863 aliter
211 1832 345 1863 scribere
364 1833 467 1874 potuit
485 1833 689 1870 Aristoteles3
716 1838 790 1864 sunt
813 1833 896 1864 enim
917 1834 1054 1875 reliquae
1071 1836 1172 1867 socie-

33 1893 100 1918 ates
123 1894 229 1929 partes
261 1889 398 1920 minores
429 1889 545 1920 civitati
575 1890 795 1928 subordinatae,
826 1895 862 1920 ut
883 1890 926 1920 ita
949 1890 1076 1932 loquar,
1110 1904 1172 1923 non

41 1943 104 1974 mni
128 1955 166 1974 ex
189 1949 278 1984 parte
301 1945 419 1976 civitati
444 1946 560 1976 similes
587 1946 636 1986 (cf.
661 1946 738 1976 infra
761 1945 788 1986 ξ.
814 1946 856 1985 5).
889 1964 932 1969 --
956 1948 1050 1989 §egem
1097 1948 1172 1979 Non

38 1999 102 2030 nim
124 2010 229 2030 veram
254 2000 335 2031 hanc
360 2001 494 2032 civitatis
519 2007 661 2032 naturam
684 2013 754 2033 esse
782 2008 873 2043 putat
897 1994 1093 2041 Aristotcles,
1118 2005 1173 2036 sed

19 2044 198 2086 ”istoricam
230 2057 325 2087 modo
352 2052 426 2088 sive
458 2055 682 2098 temporalem,
718 2050 753 2089 ui:
782 2059 824 2089 ita
855 2059 974 2097 dicam,
1010 2060 1172 2100 originem,

34 2110 99 2141 ieut
129 2113 275 2152 exposuit
305 2113 382 2144 locis
409 2114 475 2154 jam
506 2125 601 2155 supra
637 2115 686 2153 (ad
714 2114 735 2152 Ι,
761 2126 786 2145 c.
817 2115 865 2151 13,
895 2115 922 2156 ξ.
949 2116 983 2154 2)
1019 2117 1173 2157 laudatis;

37 2167 235 2209 ituperatque
260 2169 289 2199 in
315 2169 412 2200 altero
436 2170 506 2201 loeo
529 2171 707 2209 Platonem,
733 2171 772 2202 de
797 2172 969 2212 Republica
993 2172 1028 2211 II,
1052 2184 1083 2214 p.
1109 2173 1172 2207 369
