1439 2342
205 95 274 131 116
370 104 373 108 '
496 97 674 123 commentar.
697 96 731 122 nd
751 95 861 122 Aristot.
883 95 969 122 Ethic.
992 95 1094 122 Nicom.

203 216 291 247 reges
311 205 361 235 hic
384 203 528 234 rationali
552 214 587 235 ac
619 202 833 234 consultati-ici
857 203 979 234 animae
1002 202 1083 244 parti
1107 211 1288 243 comparare
1311 202 1356 233 vi-

203 262 293 292 detur
327 258 532 297 Aristoteles,
567 259 719 300 populum
756 268 830 290 vero
860 257 1065 300 appetitioni3
1099 268 1172 289 nam
1207 257 1289 289 sicut
1314 256 1358 288 illi

202 315 392 357 populorum
416 314 537 345 domini
559 319 649 353 sunt,
674 314 717 345 ita
740 324 831 346 mens
854 314 887 345 in
910 314 1002 346 nobis
1025 314 1057 344 in
1080 313 1216 355 reliquas
1236 312 1358 344 animae

202 376 328 402 nostrae
351 375 457 411 partes
480 369 604 401 ratione
626 374 775 401 vacantes
799 369 966 411 imperium
989 369 1123 401 obtinet.
1180 368 1243 401 Ubi
1265 368 1359 410 igitur

202 437 290 458 mens
320 431 430 457 nostra
459 426 548 467 quasi
577 436 632 457 rex
662 425 888 457 consultaverit
918 437 954 458 ac
983 425 1157 458 decreverit
1186 424 1357 466 quippiam,

201 482 417 524 appetituique
439 486 589 523 tanquam
617 481 736 522 populo
761 481 923 513 decretum
954 492 1046 513 suum
1070 479 1358 518 communicaverit,

201 543 234 570 et
262 538 313 569 ille
343 537 519 569 assentiens
550 536 752 578 approbarit:
791 542 858 568 tum
889 537 1016 568 demum
1048 536 1161 568 electio
1184 537 1266 568 facta
1289 545 1359 566 esse

200 594 345 625 dicitur.“
373 611 408 617 —
457 589 634 633 ἅνήγχελλον)
665 591 718 623 Sic
737 591 975 631 wilkinsonus,
1001 591 1196 624 Cardwellus
1220 596 1253 622 et
1274 590 1358 623 Bek-

201 649 294 681 kerus
316 648 384 680 sine
407 647 557 679 varietate
583 647 727 679 codicum
754 658 900 678 suorum:
927 647 1044 679 Zellius
1061 652 1170 679 contra
1194 643 1358 687 ἆνῆγγελον,

201 705 326 737 codices
350 703 508 735 affirmans
532 703 712 734 consentire
735 725 757 742 „
767 703 798 734 in
821 704 940 735 aoristo
964 703 1121 741 secundo,
1151 702 1182 734 in
1206 703 1267 734 hoc
1290 702 1359 744 qui-

201 761 272 792 dem
303 759 400 792 verbo
431 758 590 790 nonnullis
622 761 820 799 suspect0;“
850 759 907 790 sed
939 769 1051 790 sensus
1075 758 1216 800 postulat
1243 758 1358 799 imper-

201 817 328 848 fectum.

290 881 318 921 §.
347 879 396 913 19.
442 876 600 919 βούλευσιν)
650 878 807 920 Interpres
831 890 961 920 graecus
984 877 1123 921 βούλησιν
1156 881 1202 920 (ut
1224 877 1288 918 Mb)
1313 878 1359 909 le-

201 946 289 978 gens,
316 935 468 976 explicat:
494 932 554 965 ἐπεὶ
579 925 665 975 ἔρεξις
680 932 729 965 καὶ
753 931 767 965 ὁ
791 932 883 976 θυμὸς
897 934 945 967 καὶ
968 932 988 977 ἦ
1015 934 1170 976 ἐπιθυμία·
1195 931 1261 966 ἀλλ’
1286 933 1359 965 ἐκεῖ-

202 1004 244 1022 ναι
263 990 310 1033 μὲν
335 983 446 1027 ἄλλων,
477 986 495 1031 ἡ
519 989 550 1021 o}
575 986 609 1028 ὡς
634 986 750 1030 ἇγαὲεῧ
781 987 850 1028 τινὲς
882 983 969 1032 ἕρεξις
998 987 1143 1033 βούλησις.
1195 989 1260 1022 Sed
1282 988 1362 1030 fugit

203 1047 410 1088 interpretem
435 1046 495 1077 hoc
517 1045 588 1077 loco
612 1056 676 1076 non
701 1046 740 1076 de
764 1046 837 1085 fine,
862 1047 918 1078 sed
942 1047 982 1079 de
1004 1047 1187 1088 proposito,
1211 1045 1297 1088 quod
1320 1043 1360 1076 ad

202 1103 410 1135 instrumenta
433 1101 546 1143 agendi
570 1101 722 1142 pertinet,
754 1102 814 1142 agi.

290 1173 389 1205 CAP.
410 1173 467 1204 lv.
503 1175 531 1215 ξ.
554 1174 579 1204 1.
617 1174 711 1215 (Cap.
730 1174 796 1213 VI.)
843 1171 990 1215 βούλησις)
1039 1174 1202 1207 Habemus
1220 1179 1284 1206 tres
1300 1174 1360 1205 im-

200 1231 374 1273 putationis
399 1230 529 1261 modos:
567 1229 803 1270 Spontaneum,
838 1231 1056 1271 propositum,
1091 1231 1286 1262 voluntatem
1312 1229 1362 1261 vel

201 1286 428 1324 intentionem3
461 1290 493 1316 et
521 1285 569 1316 his
593 1284 692 1315 tribus
721 1284 870 1326 gradibus
895 1285 998 1317 omnis
1024 1285 1192 1327 imputatio
1216 1285 1361 1316 contine-

201 1348 261 1374 tur.
316 1341 412 1379 Vide,
444 1351 524 1381 quae
554 1340 689 1371 diximus
721 1341 752 1371 in
776 1341 1010 1372 Dissertatione
1032 1342 1082 1372 De
1113 1342 1174 1372 doli
1203 1344 1232 1372 et
1257 1342 1362 1381 culpae

200 1400 233 1429 in
245 1398 318 1437 jure
341 1397 494 1428 criminali
516 1396 705 1434 notionibus,
735 1408 762 1426 e.
794 1396 806 1428 1
820 1410 828 1435 ς
865 1402 896 1427 ct
920 1398 1000 1437 Syst.
1026 1397 1054 1428 d.
1073 1398 1152 1438 phil.
1177 1397 1297 1435 Moral,
1328 1395 1361 1427 in

201 1453 300 1484 tribus
324 1451 392 1483 libri
421 1451 512 1493 primi
536 1451 678 1492 partibus
704 1452 776 1491 (Die
799 1452 927 1490 Schultz,
958 1453 1026 1483 Der
1054 1453 1194 1491 νον-Μία,
1214 1452 1277 1484 Die
1299 1452 1360 1483 Ab·

200 1509 299 1548 sicht).
326 1526 362 1531 —
411 1505 531 1548 εἴρηται)
558 1508 595 1538 cf.
621 1518 706 1547 supr.
731 1518 757 1538 c.
776 1507 806 1545 2,
833 1508 860 1548 ᾧ.
879 1508 908 1540 9.

248 1610 253 1613 ἱ
289 1573 317 1613 ξ.
343 1572 372 1604 3.
421 1568 452 1601 τό
475 1567 625 1611 βουλητόν)
674 1568 706 1601 τό
731 1582 793 1602 om.
819 1569 883 1609 Kb,
908 1569 973 1610 Ι),
998 1570 1067 1611 Mb,
1093 1570 1156 1609 0¹⁸,
1182 1572 1252 1603 Par.

289 1637 316 1677 ξ.
342 1635 372 1666 4.
421 1634 460 1675 τῷ
489 1634 519 1665 ὁὶ
544 1632 647 1675 φαύλῳ
672 1633 704 1666 τὸ
730 1632 827 1675 τυχόν)
876 1636 964 1667 Haec
996 1641 1045 1668 est
1075 1636 1126 1667 illa
1159 1646 1252 1677 supra
1277 1635 1360 1676 (0.1,

201 1693 229 1733 ᾧ.
262 1692 315 1730 15)
353 1695 526 1722 memorata
571 1691 793 1722 universalium
836 1691 1029 1733 ignorantia,
1069 1702 1148 1733 quae
1183 1697 1232 1723 est
1267 1701 1361 1722 causa
1438 1699 1439 1705 ¹

200 1745 430 1788 improbitatis,
472 1746 498 1776 si
534 1746 582 1777 cui
614 1745 731 1777 bonum
768 1746 892 1779 videtur
926 1747 975 1785 id,
1015 1748 1098 1789 quod
1134 1757 1207 1779 vere
1243 1730 1378 1778 bonum‘
1434 1736 1435 1740 Ἰ

203 1814 266 1834 non
291 1808 350 1834 est.
1433 1804 1439 1822 3

289 1867 316 1907 ᾧ.
343 1866 372 1897 5.
418 1865 528 1906 μέτρω)
564 1866 623 1897 IIic
647 1872 696 1897 est
719 1877 813 1898 verus
839 1877 951 1899 sensus
975 1867 1056 1899 illius
1081 1868 1257 1899 sententiae
1280 1839 1380 1900 Pro-

200 1922 355 1964 tagoriae:
396 1921 564 1952 Hominem
601 1932 670 1953 esse
704 1933 883 1954 mensuram
921 1923 1062 1955 omnium
1098 1933 1212 1955 rerum.
1265 1922 1360 1955 Ratio

200 1977 400 2016 universalis,
424 1987 503 2017 quae
527 1976 557 2006 in
582 1976 708 2008 homine
733 1978 836 2020 aliquo
860 1979 1000 2021 emergit,
1027 1983 1077 2011 est
1099 1979 1206 2021 regula
1229 1978 1306 2011 boni
1326 1982 1360 2012 et

201 2033 276 2065 veri.
323 2033 513 2074 Protagoras
537 2042 612 2064 vero
633 2033 807 2074 quemlibet
831 2035 967 2076 cujusvis
989 2034 1085 2074 boni,
1120 2035 1205 2076 quod
1229 2034 1289 2067 sibi
1311 2033 1378 2075 ’ἠΰ
1428 2033 1439 2054 ⁸

202 2089 322 2125 dentur,
346 2088 451 2129 ipsum
474 2088 613 2129 regulam
638 2093 670 2119 et
694 2099 872 2121 mensuram
898 2101 969 2122 esse
992 2090 1158 2123 contendit
1181 2090 1231 2130 (cf.
1252 2075 1373 2133 Hem
1429 2079 1439 2110 ἢ

204 2145 309 2175 ΟεεεΙι.
335 2145 363 2174 d.
390 2144 476 2178 Phil..
501 2144 539 2174 T.
558 2143 594 2175 11.
619 2155 650 2184 p.
669 2143 834 2184 27-29).
