1439 2342
454 96 526 123 Libri
547 93 619 122 vni.
641 96 706 132 cap.
725 95 789 122 xm
811 95 894 129 (xv).
1176 88 1250 128 275

94 215 133 237 ex
149 205 205 244 H·,
221 203 280 243 Kb,
297 203 354 243 Νὴ,
370 204 608 246 paraphrastes,
623 202 788 245 Aspasius,
802 202 1028 244 Argyropylus.
1052 202 1142 233 Duas
1151 201 1249 232 ratio-

93 268 151 293 nes
165 265 274 292 auctor
286 260 385 298 affert,
399 269 454 292 cur
471 260 568 291 homo
581 260 620 291 ad
638 260 817 302 conjugium
832 264 944 290 natura
960 258 1064 300 aptior
1087 258 1138 296 sit,
1156 268 1249 300 quam

94 317 133 348 ad
150 316 336 349 societatem
354 316 497 347 civilem:
530 317 660 347 alteram
684 313 732 347 καὶ
757 310 827 356 ὅσῳ,
853 316 981 346 alteram
1006 312 1053 346 καὶ
1078 311 1249 345 τεκνοπσιΐα.

95 373 177 405 Cum
202 377 306 405 autern
331 371 500 404 abhorreat
524 384 540 402 a
565 382 660 403 sensu
684 371 875 409 Aristotelis,
900 371 1040 413 singulos
1065 376 1098 402 et
1119 369 1251 401 familias

93 434 204 461 natura
228 429 294 461 sive
319 428 471 470 dignitate
497 426 551 471 (τῇ
575 424 661 469 ἀξίᾳ)
687 438 758 459 esse
775 428 895 469 priores
912 428 1049 467 civitate,
1069 427 1142 469 quia
1158 427 1251 468 plane

94 485 285 518 contrarium
309 485 421 516 statuit
443 485 512 526 ipse
536 484 567 514 in
592 484 732 515 Politicis
758 485 806 523 (cf.
824 495 918 525 supra
935 485 974 515 ad
998 483 1020 522 l,
1045 494 1072 515 c.
1097 483 1128 521 2,
1152 483 1179 524 ᾧ.
1199 483 1251 522 8)=

94 541 131 586 τῇ
154 538 239 581 φύσει
268 542 331 573 hoc
361 542 432 572 loco
457 551 520 572 non
545 541 585 572 de
615 545 726 571 natura
754 540 915 578 rationali,
946 540 1001 571 sed
1029 539 1170 571 sensibili
1193 539 1252 570 ho-

53 610 58 613 *
94 597 187 630 minis
222 597 459 639 intelligendum
496 601 545 629 est
582 595 778 637 (rationalem
814 596 898 627 enim
933 595 1071 627 hominis
1107 599 1252 627 naturam

94 655 251 697 spectanti
276 654 474 695 Philosopho
503 653 602 684 homo
634 658 764 684 vocatur
796 650 881 691 φύσει
905 649 1050 684 πολιτικόν
1075 651 1154 690 ζῶον,
1178 651 1252 689 Pol.

94 710 117 748 I,
144 711 202 750 1);
235 711 274 742 ad
298 707 435 751 πρότερον
468 721 545 741 vero
570 709 741 740 subaudias
773 709 814 749 τῷ
838 706 951 750 χρόνῳ,
982 714 1014 740 et
1037 705 1254 749 ἀναγκαιότερον

94 767 138 798 ita
160 772 196 798 ut
217 778 312 809 supra
336 767 391 806 (ad
416 778 442 798 c.
465 766 495 805 9,
521 766 548 807 ξ.
574 765 610 806 4)
644 765 782 806 accipias
807 765 848 806 τῷ
870 765 952 806 καλῷ
976 765 1171 806 oppositum.
1218 763 1252 795 Id

95 823 181 865 quod
206 823 309 855 innuit
333 823 426 854 etiam
453 822 651 864 subsequens
676 826 908 863 argumentum,
932 818 981 851 καὶ
1006 818 1165 852 τεκνοποιΐιι
1190 833 1253 851 κοι-

95 875 203 920 νότερον
236 882 314 918 (τοῖς
348 879 542 912 Cardwellus
575 884 606 910 et
637 877 801 910 Beklierus
833 889 904 909 cum
935 878 991 915 H⁸,
1023 875 1077 916 Kb,
1102 874 1159 914 Lb,
1183 874 1253 914 Nb)

95 931 191 974 ζώσιςι
217 936 302 977 quod
326 936 409 967 enirn
436 934 616 966 hominibus
642 945 714 966 cum
738 933 848 965 belluis
873 944 1042 965 commune
1059 936 1119 972 est,
1143 932 1175 963 id
1185 933 1253 974 jam

94 1003 159 1023 non
184 992 335 1035 dignitate
359 992 446 1034 prius
471 1002 542 1023 esse
565 996 690 1033 potest;
716 990 771 1021 sed
792 990 913 1021 accedit
937 987 1092 1030 κοινότερον
1116 988 1154 1020 ad
1180 999 1254 1020 sen-

95 1039 165 1079 sum
188 1050 335 1089 vulgaris,
358 1050 439 1087 vilis,
465 1058 557 1090 quem
583 1057 677 1088 supra
703 1047 760 1086 (ad
784 1046 820 1085 ll,
847 1057 874 1077 c.
901 1047 930 1084 7,
956 1047 983 1087 ξ.
1010 1047 1051 1084 1)
1077 1045 1254 1077 docuimus.

96 1104 236 1136 Illustrat
265 1104 458 1136 Fritzschius
483 1109 628 1136 nostrum
652 1103 757 1134 locum
783 1102 887 1134 verbis
912 1102 1113 1133 Aristoteleis
1145 1113 1161 1133 e
1185 1100 1254 1133 Pol.

95 1159 119 1199 I,
143 1161 174 1194 2.
199 1161 328 1193 sumtis:
355 1157 496 1202 ἀνάγκη
521 1158 555 1202 δὴ
580 1159 693 1200 πρῶτον
717 1155 1000 1196 συνδυάζεσθαι
1023 1153 1087 1196 τούς
1112 1149 1173 1189 ἄνευ
1197 1154 1255 1190 οἷλ-

94 1214 187 1259 λῆλων
210 1214 251 1258 μὴ
274 1216 437 1258 δυναμένους
461 1216 539 1254 εἶναι,
565 1214 620 1247 οἷόν
645 1215 725 1257 θῆλυ
748 1213 796 1257 μὲν
820 1211 867 1245 καὶ
891 1206 973 1254 ἅῤῥεν
990 1214 1039 1255 τῆς
1055 1210 1183 1254 γενέσεως
1199 1211 1256 1244 ἕνε-

94 1286 138 1305 κεν
161 1270 209 1305 καὶ
233 1272 318 1305 τοῦτο
344 1269 405 1304 οὐκ
430 1273 466 1304 ἐκ
492 1271 764 1313 προαιρέσεως,
797 1267 863 1302 ἀλλ’
889 1265 977 1310 ὥςπερ
997 1267 1044 1301 καὶ
1069 1270 1094 1301 ἐν
1117 1272 1175 1308 τοῖς
1200 1267 1256 1302 ἅλ-

94 1333 153 1368 λοις
176 1332 284 1368 ζωοῖς
307 1327 356 1361 καὶ
381 1332 481 1369 φυτοῖς
514 1325 677 1369 φυσικὸν
701 1324 734 1358 τὸ
760 1326 909 1367 ἐφίεσθαι,
941 1325 998 1358 οἷον
1023 1323 1104 1365 aurci,
1128 1326 1256 1358 τοιοῦτον
1305 1343 1307 1345 -

96 1388 265 1418 καταλιπεῖν
290 1383 391 1426 ἕτερον.

184 1442 211 1483 ξ.
240 1441 290 1474 10.
338 1438 451 1480 ταύτό)
483 1438 584 1472 ταύτόν
609 1441 660 1480 El,
691 1439 856 1471 Bekkerus
880 1439 976 1471 tacite
1001 1439 1055 1479 (de
1093 1438 1140 1470 Kb
1176 1439 1256 1471 Car-

96 1497 208 1528 dwello
232 1498 466 1535 dissentiente).
496 1514 532 1520 —
560 1493 624 1527 0136}
649 1492 718 1535 πρὸς
743 1492 789 1526 τὸν
815 1492 936 1535 ὄὲνεῖον)
983 1497 1072 1527 Loco
1098 1491 1162 1526 οὐδὲ
1186 1492 1257 1535 πρός

95 1554 204 1595 legunt
225 1553 279 1585 καί
299 1554 348 1591 El,
374 1555 444 1592 Par,
472 1553 666 1585 Cardwellus
691 1558 724 1583 et
752 1551 917 1584 Bekkerus
951 1561 967 1583 e
992 1552 1057 1583 suis
1081 1551 1257 1589 codicibus,

96 1620 153 1651 pro
177 1621 266 1651 quam
288 1615 420 1651 propter
443 1606 534 1641 ταύτό
558 1610 610 1647 (ef.
636 1619 733 1650 supra
756 1609 796 1639 ad
821 1620 848 1640 c.
875 1608 927 1647 11,
953 1609 979 1649 ᾧ.
1005 1608 1051 1648 4).

186 1665 287 1697 CAP.
308 1665 402 1697 xm.
450 1666 546 1707 (Cap.
579 1666 661 1705 XV.)
711 1665 739 1706 ξ.
768 1665 795 1696 1.
842 1664 961 1703 τριττῶν
986 1661 1039 1706 δή)
1084 1663 1116 1695 δέ
1138 1675 1194 1705 pro
1220 1665 1260 1707 δη

96 1721 271 1754 Bekkerus.
304 1740 347 1745 —
381 1723 406 1753 ἐν
430 1719 533 1766 α’ρχῇ)
560 1722 598 1753 cf.
624 1732 719 1762 supra
743 1719 821 1759 Vlll,
848 1731 874 1752 c.
900 1720 931 1760 3,
956 1720 983 1762 ᾧ.
1011 1721 1039 1752 1.
1068 1741 1112 1746 —
1137 1719 1258 1761 γίνονται

97 1777 188 1819 φίλοι)
205 1777 284 1818 φίλοι
297 1778 416 1819 γίνονται
429 1779 593 1810 Bekkerus
608 1777 782 1810 secundum
796 1787 870 1808 suos
891 1776 1027 1816 codices,
1045 1782 1180 1818 excepto
1194 1775 1257 1807 Mb.

186 1835 215 1876 ξ.
241 1835 271 1866 2.
292 1861 297 1865 .
318 1831 487 1877 ἀμείβεται)
520 1831 655 1877 ἀμύνεται
680 1834 777 1872 CCC,
800 1834 872 1872 Par,
897 1833 984 1871 Vrat,
1010 1833 1203 1865 Cardwellus
1226 1837 1259 1863 et

97 1890 261 1922 Bekkerus
298 1891 363 1922 suis
389 1901 406 1922 e
441 1890 602 1922 codicibus
634 1895 767 1932 excepto
796 1888 854 1922 Nh.
901 1889 973 1922 Jam
1004 1890 1148 1921 codicum
1179 1900 1257 1920 con-

98 1956 211 1978 sensus
235 1946 330 1988 cogit,
354 1951 390 1978 ut
413 1947 457 1978 ita
481 1947 633 1988 legamus.
680 1946 830 1987 Vulgata,
856 1956 950 1987 quam
974 1945 1201 1987 paraphrastes
1226 1951 1258 1976 et

97 2003 252 2044 Aspasius
276 2003 425 2041 referunt,
450 2013 579 2044 prorsus
604 2012 668 2034 non
693 2003 843 2034 offendit:
873 2002 910 2033 Si
932 2005 977 2033 est
992 2003 1115 2043 polim-³,
1140 2003 1259 2042 eleyans

98 2059 186 2097 (vide
217 2059 258 2090 de
293 2069 390 2090 sensu
420 2059 508 2091 voeis
539 2058 649 2100 χαρίεις
681 2069 777 2100 supra
800 2058 840 2090 ad
864 2057 886 2096 Ι,
917 2069 944 2089 c.
971 2057 1001 2096 3,
1033 2058 1060 2099 ᾧ.
1085 2057 1133 2097 4),
1163 2059 1262 2098 refert

94 2117 251 2156 qratiam;
283 2115 339 2146 sed
364 2126 435 2146 cum
459 2115 555 2146 verba
585 2126 720 2158 pugnae,
753 2111 952 2158 ἁμιλλωμένων
977 2120 1008 2145 et
1032 2110 1140 2155 μάχαι,
1165 2124 1257 2155 prae-

98 2171 280 2210 cessissent,
301 2171 475 2213 elegantius
493 2175 525 2203 et
537 2172 724 2213 exquisitius
737 2171 922 2204 continuata
934 2171 1121 2212 metaphora
1138 2170 1258 2202 dictum

992 2223 1024 2251 18
1035 2223 1052 2240 ἃ·
