1439 2342
474 86 545 112 Luni
566 86 611 112 111.
654 85 718 119 cap.
741 84 765 110 11
787 84 854 118 (iv).
1172 81 1238 116 lll

86 205 170 236 supr.
191 195 231 226 ad
257 206 283 225 c.
313 196 346 233 l,
371 195 400 236 ᾗ.
428 195 466 226 14
491 202 523 228 et
547 196 615 233 24).
662 194 871 225 praesumunt
896 192 1113 234 jurisconsulti
1143 194 1242 223 nostri

86 250 284 291 propositum
308 251 339 282 in
365 248 521 291 ejusmodi
547 249 723 280 actionibus
748 253 781 281 et
796 249 835 280 de
851 250 916 280 dolo
932 249 1077 281 indirecto
1092 248 1242 291 cogitant,

86 316 156 337 cum
172 306 419 346 praemeditatae
437 305 580 336 actiones
602 316 640 336 ex
663 307 728 336 dolo
744 306 857 337 directo
880 310 968 336 ortae
988 304 1132 336 dicantur
1139 318 1148 344 3
1172 305 1242 336 vide

85 372 164 402 quae
187 361 321 392 diximus
345 362 462 402 System
486 362 514 392 d.
534 362 612 401 phil.
637 361 756 400 Moral,
781 372 811 402 p.
837 360 952 393 90-97.

174 417 201 457 ξ.
219 416 249 447 4.
286 417 433 448 Secunda
449 416 528 447 ratio
552 419 596 454 (v.
621 416 854 457 Conspectum)
878 416 1000 457 planior
1016 426 1053 447 ea
1068 421 1134 447 est:
1160 416 1242 447 Cum

84 472 309 504 incontinentis
333 473 533 514 propositum
558 471 747 513 cupiditate,
772 472 962 503 continentis
987 472 1142 513 cupiditas
1169 483 1242 513 pro-

83 529 188 570 posito
206 534 380 570 superetur,
399 528 599 570 propositum
618 533 650 560 et
666 528 821 569 cupiditas
838 528 921 559 idem
935 539 1005 559 esse
1019 539 1083 558 non
1097 533 1241 569 possunt.

173 585 200 626 §.
218 584 248 616 5.
292 584 477 622 ἐναντιοῦται)
503 584 600 616 Addit
616 585 859 626 paraphrastes:
885 583 932 616 καὶ
950 582 1004 625 γάρ
1023 582 1242 626 προαιρούμεθα

84 638 221 678 πολλάκις
246 640 351 671 ἐναντία
378 635 411 671 ὧν
438 641 642 682 ἐπιθυμοῦμεν.
689 641 732 672 Et
753 652 823 672 cum
843 641 884 679 id,
909 646 944 672 ut
957 641 1134 672 Felicianus
1154 641 1241 678 vidit,

82 695 114 727 in
138 697 321 728 continente
341 698 407 738 jam
432 698 586 738 patuerit,
611 697 745 728 redeunt
769 697 808 727 ad
833 697 914 728 idem
940 697 1079 728 secunda
1103 702 1135 728 et
1150 697 1243 728 tertia

82 753 173 784 ratio.
199 774 239 778 —-
272 752 411 795 ἐπιθυμίᾳ
437 754 463 783 <3³
489 751 629 793 ἐπιθυμία
654 745 706 791 cz'i)
732 753 890 793 Interpres
914 763 1062 793 graecus:
1095 754 1177 783 δοκεῖ
1194 750 1241 783 καὶ

83 807 223 850 ἐπιθυμία
239 808 377 849 ἐπιθυμίᾳ
405 808 520 839 ἐναντία·
546 806 601 839 οἷον
617 806 693 845 εἴτις,
706 806 789 849 δόξης
809 808 949 849 ἓπιξὴιμεῖ
961 806 1008 839 καὶ
1024 809 1242 850 χρηματισμοῦ,

83 859 117 896 ὧν
140 862 173 895 r&
197 864 243 905 μὲν
269 866 358 895 (δεῖται
380 862 516 905 ὁαπεῖνης,
542 861 555 895 ὃ
580 861 784 905 χρηματισμὸς
809 863 839 895 o}
864 866 962 903 φειὸοῒ
977 863 1143 904 περιγίνεται
1163 876 1242 904 χρη-

80 917 186 961 μάτων.
233 920 340 961 Pergit
356 920 532 951 Felicianus
557 921 657 951 multa
673 921 886 961 amplificans:
912 920 1001 958 „Sed
1025 921 1160 951 fortasse
1182 920 1241 950 mi-

82 976 165 1007 nime
190 976 346 1007 contraria
374 987 410 1007 ea
437 982 511 1007 sunt
535 976 686 1014 dicenda,
722 987 801 1017 quae
832 976 999 1017 aliquando
1030 976 1112 1007 inter
1143 987 1176 1007 se
1200 976 1243 1007 ita

82 1032 194 1063 affecta
218 1037 301 1069 sunt,
327 1032 382 1062 sed
406 1043 470 1063 non
490 1043 626 1073 semper,
652 1032 917 1073 quemadmodum
935 1031 1041 1062 album
1059 1037 1091 1062 et
1106 1032 1240 1072 nigrum,

82 1087 201 1118 bonum
226 1092 258 1118 et
282 1088 417 1125 malum3
453 1088 532 1119 haec
564 1088 646 1119 enim
676 1099 741 1119 non
772 1088 940 1129 aliquando
971 1092 1045 1118 sunt
1075 1088 1241 1126 contraria,

82 1143 249 1184 aliquando
274 1154 355 1181 non,
391 1143 447 1174 sed
469 1154 603 1185 semper.
650 1143 697 1174 Ita
729 1154 853 1185 quoque
884 1143 968 1174 bona
998 1143 1111 1175 electio
1141 1144 1241 1175 malae

81 1200 246 1241 cupiditati
272 1210 397 1240 semper
428 1204 477 1230 est
501 1199 657 1231 contraria
665 1223 674 1238 ,
705 1199 861 1240 cupiditas
891 1210 965 1230 vero
988 1199 1105 1240 gloriae
1129 1204 1162 1230 et
1184 1210 1240 1241 pe-

79 1256 241 1288 cuniarum
272 1266 336 1286 non
367 1266 511 1296 semper3
550 1256 581 1286 in
614 1255 756 1296 sophista
786 1255 870 1286 enim
900 1259 1051 1296 utraeque
1081 1255 1140 1286 hae
1172 1256 1239 1287 sine

78 1313 141 1343 ulla
175 1311 382 1353 repugnantia
417 1322 487 1343 esse
520 1311 734 1353 reperiuntur,
770 1311 886 1353 quippe
920 1311 973 1352 qui
1008 1312 1164 1353 arroganti
1189 1312 1240 1343 illa

80 1368 215 1400 docendi
243 1367 458 1398 ostentatione
495 1372 528 1398 et
555 1368 685 1408 gloriam
719 1373 752 1398 et
781 1368 900 1398 lucrum
931 1367 1024 1398 simul
1055 1373 1238 1409 aucupetur.

79 1424 194 1455 Dicere
218 1424 313 1455 etiam
336 1434 524 1465 possumus,
557 1423 746 1464 cupiditates
777 1434 830 1454 eas
854 1423 983 1454 minime
1006 1424 1088 1454 inter
1111 1435 1145 1455 se
1168 1435 1239 1456 esse

80 1480 262 1518 contrarias,
287 1480 360 1510 licet
384 1479 543 1521 quandam
559 1480 799 1521 repugnantiam
816 1490 891 1520 prae
908 1490 942 1510 se
957 1480 1074 1511 ferant:
1099 1491 1137 1511 eo
1155 1481 1240 1522 quod

79 1536 284 1568 contrarietas
300 1546 363 1566 non
379 1536 410 1566 in
431 1535 573 1573 diversis,
597 1536 654 1566 sed
677 1536 709 1566 in
733 1536 844 1567 eadem
868 1546 901 1566 re
925 1536 1118 1567 considerari
1134 1536 1239 1575 debet,

79 1592 266 1634 cupiditates
291 1596 396 1623 autem
420 1591 577 1633 ejusmodi
600 1592 644 1623 rei
661 1591 836 1623 contrariae
859 1591 941 1622 inter
957 1603 991 1623 se
1007 1591 1136 1632 reperiri
1152 1592 1238 1623 nullo

79 1649 174 1680 modo
198 1654 343 1690 possunt.
392 1648 566 1680 Quomodo
590 1648 674 1678 enim
698 1648 764 1685 fiet,
788 1653 824 1678 ut
839 1647 924 1678 idem
947 1652 980 1679 et
996 1648 1035 1679 ali
1059 1653 1091 1679 et
1106 1659 1171 1679 non
1188 1648 1238 1686 ali,

79 1709 111 1736 et
133 1704 299 1736 comedere
330 1709 361 1735 et
385 1715 449 1735 non
474 1704 640 1735 comedere
665 1704 757 1735 simul
780 1703 903 1744 cupiat?
938 1705 1021 1735 Nam
1045 1704 1089 1735 ita
1113 1715 1238 1746 quoque

79 1761 191 1792 electio
222 1760 386 1801 cupiditati
423 1771 494 1791 esse
526 1760 680 1791 contraria
716 1759 863 1791 dicitur.“
916 1760 1061 1792 Dilucide
1092 1761 1239 1801 exposuit

77 1817 250 1858 interpres,
286 1827 365 1858 quae
400 1816 442 1848 sit
477 1816 651 1847 differentia
686 1816 767 1847 inter
798 1817 950 1847 diversum
978 1821 1011 1847 et
1040 1819 1236 1848 contrarium.

77 1872 185 1914 Itaque
216 1884 288 1904 cum
319 1873 474 1913 cupiditas
506 1883 524 1902 a
553 1872 725 1913 cupiditate
757 1872 881 1903 diversa
911 1876 1052 1910 tantum,
1090 1873 1237 1904 electioni

78 1933 184 1960 autem
207 1929 364 1960 contraria
392 1939 463 1960 esse
493 1929 613 1969 possit,
642 1933 730 1970 patet
760 1933 792 1960 et
816 1928 906 1966 inde,
939 1928 1138 1969 propositum
1170 1939 1235 1959 non

77 1995 149 2016 esse
170 1984 386 2025 cupiditatem.
413 2001 453 2005 -
484 1976 550 2016 οὔθ)
574 1980 673 2025 ἡδέος)
698 1984 873 2016 Felicianus
897 1985 1001 2016 addit:
1038 1985 1133 2023 „Sed
1157 1984 1235 2015 boni

78 2045 110 2071 et
133 2040 224 2078 mali,
248 2040 376 2071 honesti
399 2045 432 2071 et
454 2040 554 2081 turpis
579 2051 648 2072 esse
672 2041 871 2072 consuevit.“

167 2097 195 2137 ᾧ.
219 2095 250 2128 8.
298 2091 330 2127 ἂν
352 2095 499 2135 γενέσθαι)
523 2096 655 2136 γενέσθαι
672 2088 704 2128 ἅν
721 2097 776 2135 H³‚
801 2095 858 2134 Kb,
883 2095 946 2134 Mb,
972 2094 1030 2134 Ob,
1056 2097 1126 2134 Par,
1151 2095 1236 2127 Bek—

79 2151 182 2183 kerus.
