1439 2342
155 50 204 88 62
430 54 609 79 Commeutnr.
637 51 671 77 ml
692 51 801 77 Ariston
823 49 909 76 Ethic.
931 49 1035 76 Nicom.

159 161 228 202 (ΙΙΙ,
252 162 284 200 5)
309 159 447 200 exponit.
495 157 568 188 ldeo
591 162 698 188 tamen
724 167 800 195 non,
824 161 861 188 ut
876 155 1012 188 Gai-vius
1035 155 1112 195 vult,
1135 154 1254 187 nodum
1276 154 1309 186 in

157 217 260 257 scirpo
286 214 407 255 quaerit
428 212 633 251 Aristoteles;
664 212 827 243 hominem
851 211 935 243 enim
959 223 977 242 a
999 211 1114 243 familia
1137 222 1194 242 sua
1216 210 1310 252 plane

156 283 220 303 non
255 269 408 310 sejungit,
447 268 562 309 quippe
599 278 671 299 cum
706 267 737 298 in
768 267 994 298 Oeconomicis
1030 267 1220 305 contendat,
1254 277 1312 308 per

158 324 339 367 progeniem
365 335 452 354 suam
476 323 637 354 hominem
661 322 700 353 ad
724 323 992 354 immortalitatem
1014 322 1188 364 pervenire.

245 381 273 421 ξ.
297 379 327 411 4.
374 376 575 420 ἀποστήμασι)
606 378 698 416 Non,
722 383 759 409 ut
781 379 965 420 Zwingerus
989 383 1022 410 et
1045 378 1202 417 Garvius,
1225 379 1311 419 deye-

156 437 307 473 nerando.
332 435 406 468 sed.
437 446 508 466 cum
532 433 673 475 plurimis
697 433 903 475 interpretum
926 439 1031 466 verte:
1064 436 1149 476 Ionyo
1171 435 1312 475 temporis

156 492 437 533 spatioinlerjecl01
467 490 510 521 ita
534 490 661 521 demum
692 490 882 528 παντοδαπῶς
913 487 986 530 ’ἔχειν
1016 490 1163 531 explicari
1192 494 1309 532 potest.

158 547 367 580 Cardu-ellus:
402 546 631 587 „Perspicuum
656 549 722 583 est,
745 545 853 576 habita
875 545 1129 584 intervallorum,
1157 545 1269 587 quibus
1293 556 1311 576 a

156 603 339 644 parentibus
364 602 428 631 suis
452 601 581 639 distant,
604 601 744 639 ratione,
768 601 915 632 omnibus
939 601 978 632 ad
1002 612 1058 633 eos
1082 601 1185 632 modis
1207 600 1312 633 referri

158 669 252 699 posse
276 657 426 688 liberos.“

246 713 273 754 ξ.
299 714 329 744 5.
384 710 434 743 ἐπί
459 724 521 743 τινα
550 709 662 751 χοένον)
698 713 840 753 Nempe:
876 723 976 754 usque
1000 713 1039 744 ad
1067 712 1143 744 illud
1173 717 1311 754 tempus,

159 769 242 810 quod
266 779 322 809 spe
346 772 473 799 metuvc
497 779 514 799 a
537 767 609 799 vivo
634 767 745 809 attingi
768 768 881 809 possit.

247 825 274 865 ξ.
300 823 330 855 6.
377 820 410 854 τὸ
433 820 570 863 πρότερον
593 820 752 865 εἷπορηθέν)
776 824 796 854 i.
822 834 849 855 e.
873 828 979 855 utrum
1000 828 1075 864 post
1097 828 1232 855 mortem
1255 823 1311 854 de-

158 891 242 911 mum
266 879 338 911 felix
361 879 471 920 aliquis
495 880 723 920 praedicandus
748 880 805 918 sit3
837 876 871 910 τὸ
895 879 938 910 νῦν
961 879 1175 921 ἐπιζητούμενον
1206 884 1311 910 autern

159 942 207 968 cst
230 935 373 977 quaestio
399 935 501 975 capite
525 936 670 977 sequenti
693 935 854 967 solvenda.

246 992 273 1032 ξ.
300 993 329 1023 7.
376 988 555 1030 βούλεσθαι)
580 990 719 1022 subaudi
742 990 872 1028 Σόλωνα,
895 995 932 1021 ut
954 991 1049 1022 etiam
1073 1001 1148 1022 mox
1172 990 1212 1021 ad
1230 986 1312 1022 ὑπει-

158 1047 294 1089 ληφέναιε
329 1047 379 1078 vel
415 1058 486 1078 cum
522 1047 732 1088 Paraphraste
766 1051 799 1078 et
828 1046 1026 1088 Argyropylo
1059 1046 1313 1088 impersonaliter

159 1104 275 1144 accipe.
301 1121 343 1124 —-
373 1099 608 1142 ανακυκλεῖσθαι)
641 1102 831 1134 Instabilitas
855 1113 927 1134 cum
957 1102 1073 1133 circulo
1102 1106 1312 1143 comparatur,

159 1164 194 1190 ut
218 1159 369 1190 stabilitas
388 1159 414 1199 ξ.
431 1158 482 1190 11.
500 1169 571 1189 cum
596 1157 694 1197 cubo3
717 1162 749 1189 et
771 1163 807 1189 ut
829 1158 955 1189 fortuna
978 1158 1122 1196 circulus,
1146 1158 1190 1189 ita
1212 1158 1310 1189 virtus

160 1221 209 1246 est
239 1214 347 1246 cubus.
395 1213 541 1245 Citantur
570 1213 609 1244 ad
639 1210 867 1246 ἆνακυκλεῒσθαι
897 1214 1016 1245 Herod.
1041 1214 1069 1252 I,
1093 1214 1174 1247 207:
1209 1210 1311 1251 κύκλος

161 1271 214 1301 τῶν
238 1267 427 1310 ἄνβρωπηΐων
452 1266 513 1300 ἐστὶ
537 1266 712 1311 πρηγμάτων
738 1269 844 1309 (Arist.
869 1269 967 1311 PhyS.
990 1269 1043 1308 IV,
1070 1269 1127 1302 14:
1150 1269 1310 1301 Problem-

159 1326 262 1363 XVII,
287 1326 339 1363 3);
364 1325 460 1356 Arist.
486 1325 589 1365 Epist.
614 1325 653 1356 ad
677 1325 856 1366 Philippum
881 1325 919 1358 3:
944 1322 989 1356 διὸ
1011 1323 1060 1356 καὶ
1085 1322 1133 1366 τὴν
1156 1322 1311 1366 ’παχύτητα

159 1381 212 1412 τῶν
236 1378 409 1421 πραγμάτων
433 1377 567 1418 εὐλαβοῦ,
590 1378 637 1412 καὶ
660 1377 707 1411 τόν
729 1377 831 1412 κύκλον
854 1380 903 1420 τῆς
926 1378 1134 1422 μεταπτώσεως
1157 1377 1242 1422 ἡγοῧ,
1265 1378 1311 1412 καὶ

160 1434 209 1474 τας
234 1437 258 1467 ἐν
283 1437 321 1477 τῷ
346 1436 395 1479 ζῇν
419 1434 533 1477 ψηφοῦς
557 1435 683 1477 λογίζου.

248 1493 274 1532 ξ.
300 1492 330 1523 8.
366 1491 574 1533 χαμαιλέοντα)
602 1492 703 1524 Quasi
725 1494 806 1523 humi
828 1493 882 1531 leo,
906 1492 1092 1523 lacertarum
1116 1502 1231 1533 genus3
1256 1492 1312 1524 de-

161 1547 302 1579 scribitur
334 1547 372 1578 ab
401 1548 496 1578 Arist.
522 1548 603 1578 Hist.
634 1547 759 1578 animal.
784 1547 826 1585 II,
855 1548 909 1586 11,
943 1552 975 1579 et
997 1547 1078 1578 Plin.
1102 1547 1187 1585 VIII,
1211 1548 1271 1585 51,
1295 1558 1312 1579 e

161 1602 272 1643 quibus
297 1603 373 1633 locis
404 1609 551 1644 apparet.
584 1603 698 1635 coloris
722 1603 930 1635 mutationem
955 1614 973 1635 e
996 1603 1156 1644 sanguinis
1187 1603 1311 1635 mobili-

162 1663 226 1688 tate
250 1658 395 1697 cxplicari
421 1659 588 1690 commode
611 1670 717 1700 posse.

250 1713 277 1753 ξ.
299 1712 329 1743 9.
369 1715 429 1749 ταῖς
454 1711 554 1752 rixam
579 1715 784 1747 ἐπακολουθεῖν
808 1711 937 1756 οὐδαμῶς
963 1711 1065 1754 ὀρθόν)
1089 1714 1187 1745 Error
1210 1713 1312 1745 omnis

163 1768 289 1799 Solonis
314 1768 344 1798 in
370 1779 408 1798 co
433 1769 555 1808 positus
580 1775 645 1807 cst,
671 1771 755 1812 quod
778 1771 922 1802 fortunae
945 1770 1129 1801 varietatem
1154 1775 1312 1810 sequatur,

162 1829 194 1855 ct
217 1823 247 1854 in
274 1823 441 1864 pendenda
463 1824 611 1855 felicitate
634 1826 717 1857 bona
739 1831 870 1858 externa
891 1825 1045 1857 momenti
1069 1836 1170 1867 nequo
1186 1825 1313 1866 majoris

162 1890 232 1910 esse
262 1878 414 1917 volucrit3
447 1879 491 1909 sio
521 1879 649 1910 felicitas
682 1882 716 1912 fit
748 1880 1011 1924 συναριθμουμένη,
1043 1881 1075 1912 id
1105 1881 1188 1922 quod
1219 1891 1313 1922 supra

163 1937 200 1971 (c.
227 1935 262 1972 7,
288 1934 315 1974 ξ.
340 1934 371 1973 8)
397 1935 584 1965 Aristotcles
608 1936 729 1967 refellit.

251 1990 277 2030 ᾧ.
306 1990 356 2022 10.
403 1991 553 2030 μαρηνρεῒ)
579 1991 765 2022 Definitioni
788 1993 841 2029 illi,
865 1993 988 2023 virtutis
1013 1992 1153 2023 actiones
1176 1990 1313 2022 beatitu-

163 2045 242 2075 dinis
267 2045 410 2076 tlominas
440 2056 527 2082 esse,
557 2047 740 2077 testimonio
773 2053 821 2078 est
844 2048 912 2089 ipsa
942 2048 993 2079 illa
1020 2046 1203 2084 difficultas,
1234 2056 1313 2088 quae

163 2111 200 2131 ex
226 2100 429 2132 instabilitate
452 2102 595 2133 fortunae
620 2102 788 2133 oriebatur.
833 2103 913 2134 Cum
939 2103 1022 2134 enim
1046 2103 1189 2134 fortunae
1212 2105 1313 2132 muta-
