1439 2342
191 67 263 105 118
524 67 704 92 Commentar.
727 65 760 92 ad
781 64 891 91 Aristot.
913 63 1000 90 Echio.
1022 62 1126 89 Nicom.

190 177 306 209 invitus
336 173 419 205 enim
443 170 595 203 Hercules
619 171 713 212 jussu
735 169 871 202 Junonis
894 168 1018 201 labores
1049 169 1198 211 suscepit.
1257 169 1343 202 Quin
1386 139 1398 218 ,ἶ

190 231 415 273 Epicharmum
432 226 592 267 Interpres
616 225 692 257 citat
714 226 746 257 in
763 225 899 258 Hercule
922 225 1046 257 furente
1071 222 1266 266 (παραφόρῳ)
1288 235 1344 257 eo-

191 287 262 318 dem
286 288 428 316 utentem
452 281 637 324 proverbio,
662 281 716 313 ubi
738 278 856 322 πονηρός
881 281 974 313 etiam
999 292 1064 313 non
1087 282 1254 323 improbust,
1289 280 1346 313 sed

191 350 385 373 aerumnosus
409 349 480 370 esse
502 337 563 379 ipsi
587 337 727 369 videtum

388 421 477 452 Ἀλλὰ
496 420 540 459 μὲν
558 421 601 458 ἐγῶ
618 422 737 458 ’ναγκαῖος
756 422 833 449 ταῦτα
853 419 930 448 πάντα
950 425 1025 456 ποιέω,

391 470 485 506 olnam
504 471 542 503 δὲ,
563 468 592 499 ὥς
610 468 686 500 οὐδεὶς
705 466 759 496 {miv
779 466 876 504 πονηρὸς
896 466 946 495 οὐδ’
968 466 1026 495 ἆταν
1045 469 1115 506 ἔχων.

192 563 299 605 ltaque
322 563 452 594 Mureto
476 561 650 599 assentior,
675 561 727 602 qui
751 560 838 599 dicit,
862 557 981 601 πονηρός
1004 560 1065 592 hoc
1088 558 1253 601 proverbio
1276 569 1349 592 vere

191 631 229 650 ea
253 618 482 660 significatione
504 617 664 658 usurpari,
689 627 751 658 qua
774 620 823 647 est
847 616 950 655 miser,
975 616 1152 654 laboriosus,
1176 619 1212 646 ut
1235 619 1269 646 et
1288 627 1348 658 μα-

191 671 287 712 κάριος
317 678 367 705 est
400 674 516 712 beatus,
553 673 652 711 dives,
687 683 706 702 a
737 671 935 713 philosophis
972 675 1077 702 autem
1107 671 1237 702 alteram
1265 671 1350 702 illam

192 729 454 771 significationem
478 728 604 759 allatam
629 738 710 759 esse.
758 727 856 760 Quod
879 732 985 758 tamen
1010 737 1074 758 non
1097 726 1349 768 vituperaverim.

191 786 276 817 Nam
305 785 409 826 ipsum
438 783 548 825 vulgus
579 784 668 815 Deos
697 782 790 814 bonis
826 783 929 814 favere
959 787 991 814 et
1019 781 1182 824 improbos
1211 781 1350 814 infelices

193 851 264 872 esse
293 840 443 882 putabat,
478 840 522 871 ita
552 844 588 870 ut
616 839 693 881 ipsis
722 838 804 880 vulgi
835 838 1035 880 opinionibus
1065 838 1126 870 hoc
1149 837 1349 879 proverbium

193 896 289 928 etiam
305 901 427 927 mutato
443 906 539 927 sensu
556 895 787 927 accommodari
804 900 926 936 posset.
974 893 1193 927 Quamobrem
1209 898 1242 925 et
1256 903 1351 935 supra

194 951 235 992 (Ι,
259 963 287 983 c.
310 952 342 990 8,
375 952 403 992 ξ.
421 950 452 991 4)
481 951 554 983 felix
577 955 661 990 erat,
697 950 750 992 qui
780 950 954 982 secundum
985 949 1132 980 virtutem
1163 949 1351 991 operabatur

195 1000 241 1048 (εῧ
265 1004 421 1047 πράττων).
453 1025 496 1029 -
541 1004 655 1048 μα’καρ)
679 1003 817 1048 μακάριος
840 1006 906 1044 El,
929 1005 1008 1044 NC,
1033 1005 1137 1043 CCC,
1160 1005 1238 1044 Par,
1262 1006 1350 1044 Vrat,

193 1061 250 1100 Kb,
277 1061 332 1100 Ι),
356 1060 426 1100 Μ’),
449 1060 507 1099 Nb,
534 1060 598 1099 0¹¹,
621 1063 702 1101 Ven,
725 1062 963 1103 paraphrastes,
1011 1060 1120 1102 Itaque
1144 1071 1215 1092 cum
1239 1071 1350 1092 omnes

193 1117 320 1149 codices
355 1128 419 1148 uno
449 1122 581 1158 excepto
617 1118 702 1157 (Ηῆ)
732 1117 764 1148 in
795 1114 934 1159 μακάριος,
971 1116 1187 1155 consentiant,
1221 1116 1352 1148 Victorii

195 1173 440 1212 correctionem,
475 1172 528 1214 qui
559 1172 704 1204 carminis
727 1172 834 1203 habita
865 1172 986 1203 ratione
1009 1177 1155 1210 veretur,
1190 1183 1231 1204 ne
1253 1169 1350 1214 μάκαρ

193 1228 255 1269 legi
278 1228 409 1266 debeat,
444 1228 571 1259 tandem
595 1227 715 1269 aliquot
737 1227 870 1259 saeculis
894 1232 970 1268 post
992 1227 1233 1269 expungendam
1255 1232 1352 1269 puto3

194 1288 227 1315 et
255 1283 334 1315 haec
363 1282 478 1322 verba,
514 1293 585 1314 cum
616 1283 710 1324 plane
741 1283 927 1314 inhaereant
954 1283 986 1313 in
1016 1287 1173 1314 structura
1202 1283 1352 1315 orationis

194 1339 332 1377 solutae,
362 1339 430 1380 jam
460 1349 545 1370 nunc
568 1349 632 1369 non
656 1343 806 1380 tanquam
830 1349 956 1370 versum
980 1338 1041 1379 legi
1071 1343 1104 1370 et
1126 1338 1262 1379 imprimi
1285 1349 1351 1370 ma-

193 1395 264 1434 lim,
289 1395 431 1437 quamvis
455 1394 497 1426 sit
519 1404 629 1426 versus
652 1395 767 1426 veteris
791 1399 916 1435 poetae,
939 1399 976 1425 ut
1000 1393 1076 1425 dicit
1091 1393 1183 1426 Plato
1209 1394 1259 1436 (in
1284 1394 1351 1426 dia-

194 1451 266 1492 logo
290 1450 330 1482 de
352 1450 465 1490 Justo,
497 1461 529 1492 p.
557 1449 631 1483 374.
668 1451 717 1481 ed.
742 1449 873 1492 steph„
903 1460 936 1491 p.
955 1449 1030 1482 519.
1057 1449 1107 1481 ed.
1129 1449 1265 1490 Bekk.)‚
1300 1450 1352 1491 qui

194 1505 290 1538 habet
312 1503 420 1547 μα’καρ.

283 1562 311 1603 ξ.
338 1561 368 1593 6.
416 1559 496 1602 παρὰ
528 1559 578 1600 τιὶς
608 1558 650 1601 ἐφ’
682 1558 760 1603 ἡμῖν)
809 1561 1002 1593 Cardwellus
1032 1561 1058 1592 ἐν
1086 1571 1144 1602 pro
1169 1557 1211 1600 ἐφ’
1236 1571 1352 1593 secun-

195 1618 270 1648 dum
294 1615 351 1655 Kb,
376 1615 433 1648 Ob.
458 1634 500 1640 —
525 1614 617 1657 ἀρχαὶ
641 1614 683 1656 ἐφ’
708 1613 789 1659 ἡμῖν)
815 1617 840 1648 ἐν
863 1628 921 1658 pro
946 1614 988 1655 ἐφ’
1003 1617 1195 1649 Cardwellus
1218 1622 1251 1649 et
1266 1616 1351 1649 Bek-

194 1672 289 1704 kerus
313 1683 331 1703 c
355 1672 516 1704 codicibus
540 1673 620 1711 suis,
646 1677 779 1714 excepto
806 1671 867 1704 Mb.

285 1729 312 1769 ξ.
339 1729 368 1759 7.
416 1726 551 1767 τοιούτοις
576 1728 627 1767 δέ)
662 1726 767 1766 τούτοις
799 1728 831 1759 ὸέ
859 1729 938 1767 Par,
978 1729 1064 1766 Ven,
1102 1728 1237 1766 Coraes;
1275 1727 1350 1759 item

196 1783 434 1822 VVilkinsonus,
460 1784 651 1816 Cardwellus
675 1790 707 1816 et
729 1784 910 1823 Bekkerus‚
939 1784 982 1815 ita
1011 1788 1047 1814 ut
1068 1783 1193 1824 vulgata
1215 1779 1351 1821 τοιούτοις

195 1840 288 1871 unius
313 1845 435 1871 tautum
459 1840 577 1871 codicis
602 1841 704 1881 (Vrat)
731 1840 916 1872 auctoritate
938 1839 1037 1871 fulciri
1059 1839 1217 1878 videaturg
1244 1836 1350 1877 τούτοις

197 1892 220 1925 ὸ’
245 1891 280 1932 ὥς
302 1893 366 1926 Mb.
426 1896 490 1926 Sed
521 1896 646 1937 saepius
669 1896 858 1928 Aristoteles
888 1896 946 1927 hac
975 1905 1054 1927 voce
1086 1895 1161 1926 satis
1192 1894 1350 1936 eleganter

197 1950 294 1982 utitur
322 1961 380 1992 pro
412 1945 510 1990 οὗτος,
547 1951 594 1982 vel
625 1951 719 1982 ctiam
744 1963 800 1993 pro
831 1953 880 1983 his
901 1954 986 1992 atque
1009 1952 1132 1989 lalibus,
1167 1955 1203 1982 ut
1225 1950 1256 1981 in
1279 1950 1349 1982 loco

197 2006 440 2048 castigatissimo
461 2006 619 2045 Poetices,
644 2018 671 2038 c.
689 2007 708 2040 6
731 2013 772 2043 (c.
792 2008 820 2039 7.
845 2007 896 2039 ed.
914 2006 1017 2046 Buhl.)
1043 2007 1083 2038 de
1099 2006 1277 2048 tragoediae
1293 2005 1348 2038 de-

197 2061 357 2094 finitione:
382 2062 420 2093 (δι’
437 2061 514 2094 ἐλέου
529 2059 576 2093 καὶ
601 2059 695 2101 φόβου
719 2062 886 2103 περαίνουσα
913 2060 961 2104 τὴν
985 2062 1037 2094 τῶν
1061 2059 1236 2094 τοιούτων
1260 2062 1298 2103 (ἰ.
1320 2071 1348 2093 e.

198 2117 290 2150 ἐλέου,
322 2115 414 2156 φόβου
445 2123 477 2150 et
507 2117 665 2158 similium)
692 2116 873 2159 παθημάτων
896 2116 1051 2158 κάθαρσιν.
1106 2118 1153 2149 Cf.
1178 2117 1253 2148 Eth.
1277 2117 1346 2149 Nic.
