1439 2342
186 37 236 73 SS
463 40 641 66 commentar.
669 38 702 64 nd
723 38 833 65 Aristot.
854 37 941 65 Ethic.
961 37 1065 65 Nieom.

187 148 265 186 Par,
288 148 381 185 Vtut,
412 145 475 184 Kb,
505 144 574 184 Mb,
605 144 663 177 Nb.
709 146 835 186 Legunt
864 144 958 187 igitur
984 142 1130 185 κεγῶτεροι
1159 143 1218 176 soli
1241 143 1340 182 CCC,

188 204 286 245 (cujus
311 203 341 233 in
367 201 504 243 margine
529 201 708 240 adnotatur,
733 200 827 233 scribi
850 201 882 232 in
904 200 1064 232 nonnullis
1085 197 1261 240 κοινότερα),
1283 199 1346 240 ff,

189 257 247 297 Ob,
271 256 497 298 Argyropylus.
536 256 762 298 paraphrastes
786 255 882 288 habet
904 254 1067 297 κοινότερα,
1089 255 1166 288 item
1181 255 1263 294 Ven,
1286 255 1343 287 sed

187 315 218 345 in
250 312 477 345 commentario
500 312 654 353 Aspasius
685 317 809 353 praeter
837 310 989 352 κοινότεροι
1021 312 1117 344 etiam
1140 307 1231 349 κενόν,
1259 310 1344 342 unde

187 373 291 401 ortum
327 379 398 400 esse
433 365 466 399 τὸ
496 365 640 407 κενώτεροι
672 368 775 409 putari
803 368 922 410 possit3
958 373 1007 400 est
1041 367 1126 399 enim
1156 365 1346 398 obscurioris

187 424 330 457 lectionis
355 423 545 465 explanatio.
591 423 664 455 Jam
690 424 858 462 Victorius,
887 434 980 466 quem
1006 422 1216 455 Causabonus
1238 427 1272 454 et
1293 431 1346 453 re-

187 480 262 522 liqui
286 480 384 512 secuti
409 484 493 518 sunt,
517 479 664 510 Aldinam
689 484 721 510 et
743 480 942 511 Basileenses
967 479 1121 510 editiones
1144 476 1346 519 corrigendas

189 540 380 578 putaverunt
403 532 550 574 κενώτεροι
567 534 801 574 substituendo,
824 540 856 567 et
873 534 1050 567 Cardwello
1067 544 1180 575 meque
1195 532 1347 574 exeeptiS,

190 602 322 633 quorum
347 595 479 632 uterque
503 590 631 622 alterius
656 590 840 629 editionem,
864 601 936 622 cum
961 589 1053 620 simul
1075 589 1260 631 prodierint,
1282 599 1347 620 non

191 651 400 688 cognoverat,
439 657 551 677 omnes
587 656 687 687 usque
722 645 762 676 ad
796 645 930 677 Zellium
965 650 998 677 et
1032 644 1211 677 Bekkerum
1244 644 1349 686 ipsum
1391 662 1398 670 ν

191 699 334 741 κενώτεροι
363 702 522 743 legerunt,
555 701 675 733 scilicet
703 698 856 741 κσινότεροι
882 701 1020 733 enodare
1051 711 1086 732 se
1115 711 1211 742 posse
1234 700 1348 741 despe-

190 764 307 790 rantes.
356 758 442 790 Quin
467 757 556 789 aliter
579 758 638 799 legi
668 769 732 789 non
762 768 857 798 posse
881 757 1036 799 quispiam
1066 756 1233 798 putaverit.
1277 755 1350 787 No-

190 814 328 845 minatur
351 814 434 844 enim
459 809 474 844 ὃ
496 810 630 845 καθέλῃ)
653 810 735 853 λόγος
760 812 885 854 abipso
902 812 1074 844 Aristotele
1097 811 1169 843 alibi
1192 811 1259 850 (De
1279 815 1350 842 ortu

193 869 318 900 animal.
336 869 371 907 11,
389 869 420 908 8)
447 866 530 906 κενός.
570 868 679 910 Itaque
703 879 831 900 sensum
856 873 887 900 et
908 868 1042 909 logicam
1066 878 1142 898 sane
1165 878 1229 898 non
1249 867 1351 898 offen-

193 925 240 956 dit
268 925 362 956 lectio
394 921 548 963 κενώτερει.
595 925 718 955 Tamen
742 934 916 955 consensus
946 923 1108 961 codicum,
1137 920 1288 961 κσινότεροι
1316 927 1352 953 ut

192 981 350 1021 legamuS,
383 980 486 1021 cogit;
516 985 548 1011 et
571 985 679 1021 potest
702 979 797 1011 etiam
822 979 968 1020 explicari
999 989 1150 1020 perquam
1174 977 1351 1010 commode.

195 1037 384 1073 Sermones,
418 1036 469 1077 qui
499 1035 538 1073 ad
560 1047 660 1077 genus
691 1035 872 1066 universum
901 1034 1079 1075 pertinent,
1107 1040 1181 1065 sunt
1209 1044 1352 1066 commu-

191 1092 313 1130 mores,
341 1092 361 1122 i.
387 1102 413 1123 e.
438 1091 581 1132 vulgares
613 1097 645 1122 et
669 1091 750 1130 triti3
783 1095 815 1122 et
839 1090 1016 1131 quicunque
1046 1090 1077 1120 in
1108 1089 1290 1121 universum
1313 1089 1353 1120 de

192 1148 307 1179 virtute
331 1158 365 1179 se
389 1147 597 1178 disserturum
623 1152 656 1178 et
678 1147 926 1178 declamaturum
950 1145 1146 1186 polliceatur,
1170 1156 1243 1177 eum
1266 1155 1352 1177 com-

191 1204 318 1235 munius
343 1214 437 1244 quam
468 1202 571 1233 verius
603 1203 782 1233 locuturum
813 1201 1054 1243 praesumimus.
1100 1200 1123 1231 li
1151 1206 1257 1232 autem
1290 1211 1354 1232 ser-

192 1270 304 1290 mones
341 1264 415 1290 sunt
444 1258 600 1297 veriores,
636 1258 688 1300 qui
719 1263 824 1300 partes
859 1263 891 1289 et
922 1268 972 1289 res
1007 1256 1146 1298 singulas
1178 1261 1352 1298 exponunt.

196 1315 292 1348 Quod
317 1314 458 1356 vulgare,
489 1325 657 1345 commune
688 1320 720 1345 et
750 1313 857 1345 tritum
883 1318 949 1351 est,
983 1312 1014 1343 id
1042 1322 1119 1343 sane
1143 1312 1238 1344 etiam
1261 1311 1354 1344 inane

193 1376 251 1403 est.
299 1371 363 1402 Sed
388 1369 550 1411 quomodo
577 1368 729 1408 κειινότερει
762 1369 792 1400 in
817 1374 940 1400 textum
964 1371 1100 1410 irrepere
1122 1367 1298 1409 potuisset,
1327 1368 1354 1399 si

191 1423 335 1465 κενώτεροι
360 1431 446 1457 esset
468 1425 605 1467 genuina
629 1425 741 1457 lectio?
790 1426 878 1456 Luce
905 1424 1017 1456 clarius
1041 1429 1184 1465 apparet,
1208 1434 1276 1462 eos,
1301 1423 1353 1465 qui

193 1483 224 1513 in
240 1479 392 1522 κεινέτερσι
416 1481 626 1519 offenderunt,
651 1478 798 1521 κενώτεροι
822 1481 1006 1518 correxisse,
1027 1484 1210 1521 usurpatam
1225 1478 1298 1510 alibi
1313 1478 1353 1510 ab

193 1538 364 1570 Aristotele
394 1549 505 1569 vocem
537 1536 778 1569 substituentes.
834 1536 899 1568 Sed
928 1536 1005 1578 sugit
1036 1547 1110 1574 eOS,
1140 1535 1236 1567 etiam
1266 1532 1352 1566 κοινόν

193 1594 232 1626 ab
256 1594 426 1625 Aristotele
451 1593 563 1625 eodem
597 1604 693 1624 sensu
717 1592 873 1634 usurpari,
899 1598 931 1624 et
954 1592 1058 1634 ipsum
1082 1589 1116 1622 τό
1138 1588 1288 1629 καθόλου,
1318 1596 1355 1633 ut

193 1651 254 1681 hoc
277 1655 386 1681 nostro
409 1649 490 1687 loco,
513 1646 600 1680 mm'v
625 1649 739 1680 vocari.
788 1649 837 1680 Cf.
862 1649 912 1680 De
933 1648 1036 1679 anima
1061 1647 1084 1679 Ι.
1111 1648 1147 1680 1:
1172 1644 1206 1678 τὸ
1229 1648 1260 1678 ὁὶ
1284 1646 1352 1684 ζῶον

194 1702 227 1736 τὸ
251 1703 383 1737 καθόλου
412 1696 474 1745 {Ji-ci
507 1701 582 1735 εὖὸέν
607 1704 681 1736 ἐστιν
712 1699 731 1746 ἢ
754 1699 881 1744 ὕστερον.
911 1700 1010 1746 ὅμοίως
1033 1702 1063 1734 ὁὶ
1092 1698 1143 1734 κᾶν
1165 1700 1238 1734 εἴτι
1264 1699 1352 1733 κοινὸν

195 1753 267 1793 ἄλλο
297 1762 497 1801 κατηγοροῖτο.
543 1760 642 1791 Notio
667 1761 783 1791 animal
804 1764 854 1791 est
876 1759 1074 1791 communior
1096 1758 1228 1790 notione
1251 1769 1350 1799 equa-⁹,

195 1816 252 1849 sed
275 1816 356 1848 hanc
385 1816 485 1857 ipsam
511 1815 552 1847 ol)
581 1827 709 1847 causam
741 1815 830 1847 notio
855 1815 1014 1846 abstracta
1037 1815 1152 1846 animal
1179 1814 1351 1846 secundum

196 1871 400 1904 Aristotelem
422 1883 485 1903 non
511 1876 560 1903 est
583 1883 690 1903 verum
715 1871 892 1903 universale
915 1871 980 1902 sive
1004 1870 1202 1912 principium,
1226 1869 1294 1908 sed,
1317 1875 1352 1900 ut

195 1927 271 1959 dicit
293 1928 378 1969 ipse,
412 1927 488 1958 nihil
512 1932 566 1958 aut
590 1927 745 1967 posterius
771 1927 936 1969 quiddam3
968 1937 1040 1958 vera
1070 1925 1256 1957 universalia
1287 1936 1350 1956 non

196 1995 213 2014 a
244 1983 337 2015 rebus
373 1982 581 2025 singularibus
616 1982 858 2021 abstrahuntur,
894 1982 950 2014 sed
985 1982 1061 2024 ipsis
1096 1982 1213 2013 insunt.
1265 1980 1351 2012 Citat

197 2039 390 2071 Cardwellus
414 2044 576 2081 praeterea
599 2038 702 2069 locuni
728 2049 822 2079 supra
844 2038 1031 2069 illustratum
1057 2049 1083 2069 c.
1109 2038 1146 2075 2,
1171 2037 1198 2078 ξ·
1223 2037 1259 2070 2:
1288 2049 1350 2067 κει-

198 2092 237 2125 »Ξν
265 2093 311 2125 καὶ
343 2091 534 2126 ’ἵπτεεκείσθω
581 2095 704 2135 Nempe
733 2091 818 2132 3:335
849 2091 930 2134 λόγος
959 2099 1008 2125 est
1031 2103 1199 2125 commune
1223 2091 1348 2133 aliquid,

1386 69 1392 84 U

1367 91 1393 124 52
