1439 2342
496 50 568 78 Libri
590 51 609 77 1.
651 51 717 86 cap.
740 50 764 77 11
785 50 827 84 (Ι).
1223 49 1264 82 11

107 160 242 199 ipsarum
265 161 432 191 terminum.
480 158 621 190 Priorem
643 158 885 199 explicationem
909 159 1072 200 amplexus
1097 164 1147 190 est
1169 160 1266 191 Para—

107 214 271 256 plirastes:
308 211 358 252 τοὶς
389 213 420 246 ὸὲ
442 211 648 251 λυσιτελούσας
679 210 711 245 οὗ
741 216 892 255 συγχωρεῖ
916 211 1023 252 πάντας
1053 212 1218 257 μανθάνειν,
1250 209 1268 255 ἦ

107 267 254 311 μαθόντας
275 267 318 301 ἀεὶ
340 268 608 311 μεταχειρίζεσθαι.
633 269 680 310 τῷ
698 269 728 300 δὲ
754 266 919 310 προςήκοντι
944 270 979 313 τῇ
1002 269 1087 313 τέχνῃ
1112 266 1176 309 τούς
1199 283 1267 302 και-

108 323 172 363 ρούς
197 323 381 357 ἀποδίδωσιν·
418 321 504 365 ὄγοῖρ
526 322 669 363 πολιτικὸς
692 325 799 366 πέμψει
822 324 870 367 μὲν
894 322 940 356 τὸν
965 323 1136 367 στρατηγὸν,
1161 322 1267 358 ὅπόταν

108 381 174 425 ὁέῃ,
204 378 329 412 κελεύσει
361 381 391 412 ὁὲ
423 377 546 423 ἡσυχίαν
578 373 667 421 ἄγειν,
699 375 744 412 ὅτε
769 378 871 412 τούτου
900 378 1006 421 καιρός.
1054 382 1267 414 Posteriorem

107 437 401 478 interpretationem
414 436 594 468 Eustratius
611 441 734 468 tuetur:
758 436 858 478 μέτρον
880 433 979 474 αὐταῖς
997 436 1156 478 ἐπιτίξγησι,
1180 437 1267 479 μέχρι

108 492 176 531 τίνος
207 494 255 524 ὁεῖ
280 492 438 532 προβαίνειν
470 493 494 523 ἐν
518 494 575 530 τοῖς
606 490 694 533 ἔργοις
726 488 824 530 αὐτάς.
872 492 1030 523 Victorius
1055 498 1087 523 et
1110 494 1267 532 Muretus,

107 550 270 587 Donatum
282 549 487 590 Acciajolum,
512 549 564 590 qui
576 548 764 590 Argyropyli
787 548 1033 580 commentarios
1056 548 1154 580 literis
1178 561 1267 581 man-

107 605 202 643 davit,
227 605 338 643 secuti,
362 610 447 636 recte
468 605 654 645 (Cardwello
679 604 806 644 citante)
831 606 1012 643 „terminum
1035 605 1268 637 communiter“

106 661 300 701 intelligunt,
325 661 464 702 „quippe
489 661 541 702 qui
565 660 732 702 aliquando
756 671 795 691 ex
816 660 887 701 ipsa
909 660 1071 692 doctrinae
1094 666 1206 693 natura
1228 662 1269 693 sit

107 717 312 755 statuendus,
348 716 515 758 aliquando
545 726 562 747 e
593 715 818 757 discipulorum
848 720 952 747 aetate
983 721 1014 747 et
1043 717 1127 748 vitae.
1157 718 1267 749 condl—

105 773 228 805 tione.“
255 791 292 796 —
319 770 500 813 οἰκονομικήν)
531 772 602 804 Hoc
625 772 696 803 loco
720 782 785 802 non
809 771 910 813 agitur
933 772 972 803 de
996 773 1183 804 oeconomia
1206 784 1266 815 po-

106 829 190 861 litica
222 840 316 870 quam
346 833 478 867 vocant,
514 828 647 859 scientia
676 827 835 859 veteribus
868 827 961 868 plane
991 828 1116 870 ignota,
1149 829 1205 860 sed
1229 830 1268 860 de

107 886 203 917 domo
228 884 382 926 regenda,
406 885 446 916 de
469 895 503 916 re
526 884 669 915 familiari
691 883 774 915 bene
798 883 1061 923 administranda3
1086 883 1162 923 εἶκες,
1185 885 1268 916 enim

106 942 172 973 sive
195 939 314 972 familia
328 940 493 972 Aristoteli
516 941 708 972 elementum
732 944 765 971 et
782 940 1025 971 fundamentum
1049 940 1184 972 civitatis
1209 946 1268 979 est,

107 1009 178 1029 cuni
201 997 304 1038 prima
327 1007 366 1028 ex
389 996 531 1038 pluribus
549 996 695 1028 domibus
719 995 855 1028 societas
881 996 922 1027 sit
944 996 1031 1027 vicus
1056 997 1123 1028 sive
1147 997 1269 1028 colonia

107 1055 232 1091 domus,
256 1063 335 1094 quae
360 1057 466 1084 autem
491 1064 530 1084 ex
552 1052 695 1093 pluribus
718 1052 794 1083 vicis
819 1052 1030 1084 communitas
1055 1057 1109 1084 aut
1133 1052 1268 1084 societas

106 1111 260 1152 perfecta,
285 1109 395 1140 civitas
422 1108 526 1149 (Polit.
551 1108 580 1147 Ι,
605 1109 648 1148 2).
696 1108 748 1140 Sic
772 1106 932 1150 οἰκονομική
954 1108 1102 1149 politicae
1126 1109 1268 1150 subjecta

105 1171 170 1204 est,
195 1176 266 1198 cum
291 1164 394 1196 omnis
418 1164 528 1196 civitas
553 1175 592 1195 ex
617 1163 763 1195 domibus
787 1164 999 1195 constituatur
1023 1164 1101 1204 (Pol.
1127 1164 1155 1203 Ι,
1179 1165 1222 1204 3).

196 1221 224 1261 ξ.
251 1222 280 1252 7.
326 1220 473 1262 χεωμένης
497 1220 539 1260 ὸέ)
577 1221 712 1252 Coraes:
749 1221 774 1251 ci
806 1219 836 1250 ὸὲ
857 1217 1063 1261 μεταφρασταῖ
1095 1217 1264 1261 (Ep-&uincor

109 1274 200 1316 ἴσως),
224 1276 375 1318 Χρωμένης
399 1274 465 1317 γάρ,
489 1272 672 1318 ἧρμήνευσαν.
692 1294 736 1299 -—-
755 1272 949 1316 τάνθρώπινσν
973 1272 1098 1316 ἆγαὲόν)
1123 1276 1156 1307 In
1174 1276 1268 1308 rebus

106 1332 190 1363 enim
216 1333 346 1374 agendis
370 1333 508 1364 humana
531 1337 655 1364 tantum
678 1333 810 1364 felicitas
835 1332 942 1374 quaeri
965 1337 1074 1373 potest
1082 1346 1090 1371 ;
1126 1332 1267 1364 veritatis

107 1394 213 1419 autem
237 1388 376 1430 cognitio
400 1389 540 1420 divinam
563 1389 655 1420 affert
675 1389 870 1421 felicitatem.

196 1445 224 1486 ξ.
241 1445 272 1477 8.
307 1441 410 1476 ταύτόν
434 1445 508 1476 ἐστιν
524 1442 559 1476 ἑνὶ
574 1443 623 1476 καὶ
641 1442 733 1486 πόλει)
757 1445 907 1476 Declarat
922 1444 1122 1482 Aristoteles,
1147 1445 1268 1476 ethicae

107 1506 139 1532 et
160 1500 308 1543 politicae
332 1501 468 1533 eundem
485 1512 556 1533 esse
570 1501 686 1540 finem;
712 1500 834 1542 quaerit
849 1500 933 1532 enim
951 1505 1083 1542 utraque
1108 1512 1268 1532 summum

107 1556 244 1595 bonum,
270 1557 355 1598 quod
379 1557 447 1589 sine
470 1557 586 1589 virtute
609 1557 741 1599 adipisci
764 1568 829 1588 non
852 1567 1034 1597 possumus.
1082 1555 1147 1588 Sed
1171 1556 1268 1588 etiam

107 1612 206 1644 altera
229 1612 297 1644 sine
328 1612 425 1644 altera
455 1624 496 1644 ne
520 1613 654 1645 existere
677 1612 805 1654 quidem
835 1616 953 1653 potest.
999 1612 1152 1644 Politicae
1182 1613 1289 1644 enim¹

107 1679 187 1710 opus
217 1674 268 1700 est
296 1669 411 1700 virtute
441 1669 651 1710 singulorum,
689 1679 769 1710 quae
796 1667 865 1709 ipsa
896 1669 928 1700 in
960 1669 1113 1700 societate
1143 1673 1267 1700 tantum

107 1725 271 1756 hominum
296 1725 430 1756 efficitur
453 1730 486 1756 et
509 1725 630 1756 colitur.
677 1723 815 1756 Praebet
836 1724 930 1766 igitur
953 1724 1056 1756 ethice
1078 1725 1265 1766 potentiam,
1284 1755 1286 1758 ,

107 1792 187 1827 quae
216 1781 247 1812 in
270 1781 399 1823 politica
423 1781 490 1812 sola
519 1781 559 1812 ad
583 1785 688 1812 actum
711 1779 901 1822 perducitur.
948 1781 1000 1812 De
1022 1781 1086 1812 fine
1110 1781 1267 1812 bonorum

107 1842 140 1868 et
162 1837 277 1868 virtute
308 1837 512 1878 adipiscenda
540 1837 675 1868 locuturi
697 1841 821 1868 veteres
849 1836 1032 1878 philosophi
1057 1838 1124 1878 jam
1152 1837 1226 1868 inde
1251 1849 1268 1868 a

107 1893 303 1935 Pythagora,
328 1898 364 1924 ut
387 1893 463 1925 dicit
484 1893 613 1932 Zelfius,
636 1904 821 1935 „nunquam
845 1893 990 1924 homines
1015 1893 1074 1924 sibi
1097 1893 1269 1924 informant
1300 1924 1323 1939 a

108 1949 264 1980 solitarios
289 1955 321 1981 et
345 1961 362 1980 a
379 1949 570 1981 commercio
593 1960 697 1981 rerum
720 1949 916 1991 publicarum
939 1950 1135 1991 sejunctos.“
1171 1949 1268 1982 Quod

107 2005 296 2036 Aristoteles
319 2005 363 2036 ita
387 2005 523 2047 explicat
542 2006 612 2037 loco
636 1997 841 2037 celeberrimo
865 2005 1070 2037 Politicorum
1096 2005 1130 2046 (Ι,
1149 2006 1199 2045 2):
1225 1999 1268 2036 ’ὄτι

107 2061 154 2101 μὲν
179 2054 224 2092 οὖν
248 2058 263 2101 ἦ
290 2058 370 2099 πόλις
395 2058 479 2099 φύσει
504 2059 640 2101 πρότερον
663 2057 827 2103 ‘'signam-03*
852 2061 947 2102 δῆλον·
972 2061 996 2092 εἰ
1014 2058 1068 2101 γάρ
1094 2057 1132 2103 μὴ
1157 2057 1267 2100 αὔταρ-

107 2114 155 2157 κὴς
180 2115 297 2155 ἕκαστος
321 2115 489 2158 χωρισὲεἳς.
517 2114 615 2159 ὅμοίως
640 2120 696 2156 τοῖς
722 2110 819 2150 ἄλλοις
843 2118 938 2159 μέρεσι
965 2115 1016 2153 ’ἔξει
1044 2115 1111 2157 med:
1136 2114 1168 2148 τὸ
1195 2111 1267 2148 ἕλει.
