1439 2342
103 687 138 839 l

188 67 258 104 lm
476 69 654 95 commentar.
677 69 710 94 nd
732 68 842 94 Aristot.
865 67 952 94 Ethie.
973 66 1078 94 Nicom.

186 179 262 210 nesti
283 186 376 208 causa
398 176 471 206 talia
494 175 613 214 timebit,
636 175 692 206 ced
709 176 754 206 ita
775 178 809 206 ut
823 175 905 206 ratio
919 174 1091 206 sustinebit?
1135 173 1220 206 Nam
1234 173 1337 216 primo

186 229 319 274 ὑπομενεῖ
337 236 370 262 et
392 228 554 272 φοβήσεται
576 240 641 261 non
663 229 746 262 inter
768 241 803 262 se
825 233 1066 272 comparantur,
1098 239 1170 262 cum
1193 229 1259 262 siut
1279 240 1338 272 op-

186 287 300 329 posita.
355 285 481 318 Deinde
514 296 570 318 cur
602 285 681 317 ratio
709 286 815 318 futuro
844 290 966 326 utatur,
998 295 1093 318 nemo
1127 284 1339 327 explicaverit,

185 354 256 375 cum
285 341 327 373 sit
349 352 474 383 semper
496 352 646 383 praesens
671 341 792 384 sibique
815 342 927 374 eadem
955 346 1144 384 aeternaque
1166 346 1200 374 et
1220 341 1337 374 immu-
1392 375 1396 377 ,

185 397 299 429 tabilis.

274 453 302 494 ξ.
325 452 356 484 4.
403 448 447 484 ἔτι
471 450 502 484 εὖ
526 455 586 494 ὁεῖ)
632 454 693 485 Est
727 453 866 485 secunda
900 464 956 485 sex
985 453 1228 494 categoriarum,
1263 463 1340 494 quas

186 519 281 550 supra
305 510 343 549 (c.
359 509 388 547 1,
413 509 441 550 ξ.
467 508 523 549 16)
546 514 786 548 memoraverat,
816 519 931 551 nempe
954 521 997 541 n:
1020 502 1065 540 gu
1088 505 1144 549 οὐχ
1167 504 1202 547 ὥς
1227 510 1275 540 δεῖ
1292 512 1342 540 est

186 569 294 603 sexta,
330 564 405 604 πῶςς
435 565 524 596 addit
558 565 653 607 igitur
675 565 737 597 hoc
759 565 886 596 demum
910 565 982 597 loco
1005 564 1192 606 septimam,
1215 569 1341 606 tempus

187 615 242 659 (gra
265 617 322 660 οὔχ
345 614 414 661 ὅτε).

275 676 304 717 ξ.
330 675 360 708 6.
407 673 439 706 τὸ
462 673 538 707 κατεῖ
562 673 610 717 τὴν
635 673 698 717 ἕξιν)
746 676 828 708 Cum
852 675 924 707 finis
955 676 1020 708 sive
1043 675 1162 707 bonurn
1191 675 1343 707 uniuscu-

180 733 296 773 jusque
325 736 413 762 actus
442 731 474 762 id
503 731 561 769 sit,
596 732 681 773 quod
704 731 824 763 habitui
853 731 1037 770 conveniat,
1073 731 1148 762 boni
1177 730 1275 773 gratia
1296 730 1344 762 vir

184 787 273 818 fortis
296 786 416 818 habitui
438 787 628 828 fortitudinis
651 788 874 819 convenienter
897 792 978 829 aget.

277 843 304 883 ᾧ.
330 844 360 873 7.
408 842 460 873 τῶν
483 839 512 873 δ’
538 839 782 883 ὑπερβαὶλέντων)
841 843 921 874 Vide
945 853 1041 884 supra
1064 841 1109 880 Π,
1134 853 1161 874 c.
1184 843 1220 880 7,
1255 842 1284 883 §.
1312 841 1343 880 2,

186 903 220 930 et
248 909 328 939 quae
357 898 396 928 ad
426 909 498 929 eum
528 898 633 930 locum
664 899 813 937 diximus,
850 899 890 931 de
921 910 984 940 quo
1019 898 1113 930 etiam
1148 897 1344 939 subsequens

186 952 297 995 εἴρηται
319 954 483 995 intelliges.
509 971 550 975 —
597 950 660 992 τεῦς
690 950 827 994 Κελτοῦς)
863 955 902 986 cf.
934 954 1016 985 Eud.
1041 953 1098 992 Ill,
1135 954 1182 986 1.:
1214 953 1240 984 οἱ
1262 955 1342 985 Κελ-

188 1007 228 1040 rei
253 1006 323 1049 ντρέ,ι
346 1006 383 1040 τεὶ
406 1006 522 1051 κύματα
546 1003 623 1041 ἔπλει
647 1006 796 1041 ἀπαντῶσι
818 1007 961 1048 λαβέιντες.

275 1065 304 1106 ξ.
337 1065 366 1098 9.
422 1065 445 1096 ἐν
482 1061 607 1105 τεύτσις)
660 1065 793 1097 Zellius:
836 1076 908 1103 „sc.
945 1064 971 1095 ἓν
1006 1062 1045 1102 oi}
1083 1061 1212 1096 δύνανται
1246 1065 1340 1106 μιμεῖ-

186 1124 292 1153 σθαι.“
1383 1148 1389 1157 ,

275 1176 302 1217 ξ.
331 1176 379 1208 10.
428 1176 476 1208 Cf.
493 1176 706 1218 Theophrasti
730 1176 876 1208 Charact.
893 1176 1001 1207 XXV:
1026 1173 1090 1215 περὶ
1114 1175 1227 1214 δειλίας.
1273 1175 1340 1207 De·
1382 1214 1385 1219 <

188 1231 366 1263 scribuntur
396 1231 479 1263 enim
509 1231 548 1262 ab
570 1231 750 1263 Aristotelis
781 1231 952 1273 discipulo,
987 1231 1048 1263 hoc
1077 1231 1180 1272 ipsum
1203 1230 1343 1272 magistri
1380 1230 1382 1238 '

187 1298 267 1330 opus
291 1287 436 1318 nimirum
464 1287 670 1328 respiciente,
703 1287 815 1328 singuli
838 1287 995 1318 naturales
1025 1287 1200 1328 appetitus,
1233 1297 1343 1328 quem—

188 1343 358 1375 admodum
382 1348 452 1374 toto
475 1343 580 1374 animo
603 1343 697 1384 potiti
720 1348 753 1374 et
775 1343 814 1373 ad
839 1347 1014 1373 extremum
1038 1342 1180 1383 provecti
1197 1342 1343 1374 vitiosam

187 1399 380 1440 singulorum
411 1399 574 1430 hominum
605 1399 742 1430 indolem
773 1398 949 1440 perficiunt.
978 1416 1022 1420 —-
1077 1398 1101 1429 ἐν
1138 1400 1199 1437 ταῖς
1228 1394 1342 1438 λύπαις)

187 1455 285 1486 Recte
308 1454 502 1486 Felieianus:
536 1454 595 1492 „in
627 1454 757 1493 timore,
794 1455 888 1485 timor
918 1454 1072 1495 siquidem
1103 1454 1195 1485 dolor
1218 1453 1343 1495 quidam

187 1512 271 1542 est.“
314 1510 474 1542 Excessus
498 1510 529 1541 in
553 1510 675 1551 ignavia
696 1510 815 1542 facilius
839 1510 1050 1552 conspicitur,
1086 1521 1179 1551 quam
1203 1510 1343 1542 defectus

189 1567 236 1606 (cf.
263 1577 347 1608 supr.
371 1567 411 1597 ad
435 1566 477 1605 11,
502 1577 528 1597 c.
548 1566 578 1604 7,
604 1567 632 1607 ξ.
649 1567 692 1607 2).

276 1623 304 1663 ξ.
337 1623 388 1654 12.
442 1620 506 1662 περὶ
540 1622 644 1663 ταῦτα)
699 1622 790 1653 Hanc
823 1622 982 1663 vulgatam
1018 1622 1062 1660 Β,
1098 1621 1144 1660 0,
1178 1621 1236 1659 El,
1270 1621 1343 1659 Nc,

189 1678 287 1715 CCC,
311 1678 398 1716 Vrat,
423 1679 503 1717 Ven,
528 1678 589 1710 Ald
607 1683 752 1716 tuentur3
778 1675 872 1709 mun(
897 1678 977 1718 („sic
993 1677 1111 1719 absque
1128 1679 1344 1715 accentu,“ut

187 1733 296 1765 scribit
324 1733 400 1764 mihi
423 1733 550 1774 Hasius)
576 1735 603 1765 A
629 1733 716 1775 (L¹›);
743 1731 835 1766 ταῦτα’
858 1734 975 1765 Zellius
1000 1744 1017 1765 e
1042 1734 1118 1771 Par,
1143 1733 1282 1772 Coraes,
1312 1737 1344 1764 et

186 1788 349 1820 Bekkerus
373 1789 478 1820 tacite.
524 1790 622 1828 Puto,
654 1790 734 1821 hanc
754 1790 938 1828 lectionem,
969 1800 1049 1831 quae
1078 1789 1182 1830 placet
1204 1789 1343 1827 Mureto,

188 1844 344 1876 Lambino
375 1844 522 1885 aliisque,
564 1856 581 1876 e
605 1846 814 1887 Paraphrnste
844 1845 875 1876 in
906 1850 1028 1877 textum
1059 1844 1237 1886 irrepsisse,
1273 1855 1343 1876 cum

188 1900 402 1942 Argyropylus
437 1905 470 1931 et
499 1901 549 1931 alii
580 1912 648 1932 eam
672 1913 735 1933 non
767 1906 950 1943 agnoscant.
995 1901 1064 1932 Nec
1088 1911 1168 1942 opus
1192 1905 1275 1938 erat,
1309 1904 1344 1931 ut

187 1956 305 1988 diceret
320 1956 518 1994 Aristoteles,
543 1956 573 1987 in
600 1957 711 1988 iisdem
735 1958 817 1990 hanc
839 1957 986 1989 virtutem
1011 1967 1081 1988 curn
1105 1956 1187 1988 vitiis
1210 1955 1341 1994 versari3

187 2012 249 2044 hoc
273 2011 357 2044 enim
377 2013 443 2054 jam
474 2012 514 2043 de
537 2011 683 2043 omnibus
707 2013 874 2045 virtutibus
906 2013 937 2044 in
959 2013 1140 2045 universum
1164 2010 1341 2044 declaravit.

188 2085 228 2090 —
255 2068 279 2098 ἐν
303 2064 398 2107 αὐτοῖς
422 2065 612 2107 ἀφίστανται)
658 2069 743 2107 Ven,
772 2069 948 2110 Giphanius
977 2074 1009 2100 et
1039 2067 1202 2100 Bekkerus
1234 2067 1260 2098 ἐν
1288 2063 1342 2098 αὗ-

188 2125 244 2154 τοῗς
275 2124 302 2153 6⁹
333 2120 516 2162 ἀφίστανται.
571 2126 633 2156 Sed
674 2125 786 2164 copula
817 2125 1012 2157 adversativa
1043 2134 1117 2156 mox
1154 2124 1280 2155 demum
1309 2122 1339 2154 in
