1444 2322
414 455 894 510 Commentafius

637 574 670 600 ud

243 660 514 704 Aristotelis
548 660 715 703 Ethica
749 660 1066 707 Nicomachea.

75 819 299 885 Νικομαχείων)
347 841 381 872 In
405 842 559 881 ordinem,
584 843 637 884 qui
660 853 744 874 nunc
767 848 887 883 exstat,
912 845 969 876 has
991 845 1171 877 Aristotelis
1197 847 1235 877 dc

75 899 220 931 Moribus
241 898 471 940 praelectiones
494 899 628 930 fortasse
650 899 805 938 velvfilius
830 901 897 941 ejus
921 901 1153 940 Nicomachus,
1184 903 1236 943 qui

76 967 94 987 a
109 955 333 996 Theophrasto
349 954 512 985 institutus
529 954 626 985 libros
650 956 748 996 patris
765 956 997 998 manuscriptos
1014 957 1236 999 Theophrasto

77 1011 252 1043 hereditate
275 1010 402 1042 relictos
428 1010 512 1041 adire
535 1010 650 1051 potuit.
685 1011 743 1042 Vel
760 1011 786 1042 si
811 1013 962 1043 maturius
987 1013 1019 1043 in
1044 1013 1127 1044 bello
1152 1014 1235 1045 occi-

77 1067 134 1105 dit,
158 1078 252 1108 quam
274 1071 310 1097 ut
333 1066 394 1097 hoc
417 1066 522 1107 ipsum
546 1066 671 1107 aggredi
693 1072 747 1097 aut
769 1067 931 1099 absolvere
951 1068 1102 1109 potuerit,
1127 1069 1236 1100 Theo-

76 1124 225 1165 phrastus
260 1127 315 1153 aut
348 1121 497 1163 perfecit,
533 1133 613 1163 quae
642 1122 692 1153 ille
728 1123 875 1155 inchoata
906 1124 1047 1165 reliquit3
1085 1129 1139 1155 aut
1167 1125 1236 1166 ipse

78 1190 206 1211 omnem
236 1178 269 1209 in
300 1177 350 1208 his
380 1177 467 1208 libris
500 1187 628 1218 operam
659 1179 851 1218 consumsit,
886 1190 1005 1221 eosque
1035 1180 1172 1211 auctoris
1206 1186 1238 1212 et

77 1234 218 1277 magistri
248 1233 296 1265 sui
324 1233 388 1264 filio
413 1233 539 1265 dicavit.
584 1234 731 1265 Eandem
763 1235 847 1265 enim
872 1246 1002 1276 operam
1032 1236 1127 1267 etiam
1150 1236 1237 1268 Poli-

77 1291 147 1323 ticis
178 1290 326 1322 tribuisse
361 1289 500 1327 videtur,
536 1300 616 1331 quae
651 1290 827 1322 arctissime
861 1291 978 1322 nostris
1014 1303 1086 1323 cum
1115 1292 1238 1324 Ethicis

78 1347 258 1379 cohaerent.
307 1345 406 1387 Cujus
434 1345 480 1377 rei
510 1351 544 1377 et
565 1346 625 1377 alia
649 1351 724 1377 sunt
746 1346 894 1388 vestigia,
925 1351 956 1377 et
979 1346 1056 1378 illud
1084 1347 1238 1389 imprimis

79 1403 164 1445 quod
185 1398 329 1434 Πολιτικά
354 1401 437 1443 apud
452 1401 632 1443 Diogenem
648 1402 812 1434 Laertium
836 1413 901 1433 non
927 1403 1029 1433 solum
1051 1403 1084 1434 in
1107 1403 1239 1434 elencho

77 1458 229 1490 librorum
259 1457 474 1499 Theophrasti
509 1458 564 1497 (V,
597 1458 624 1498 ξ.
656 1458 728 1497 45),
763 1468 871 1489 verum
911 1458 1005 1489 etiam
1040 1459 1072 1489 in
1107 1459 1239 1491 elencho

78 1514 228 1546 librorum
258 1513 523 1545 Aristoteleorum
562 1513 625 1553 (V,
658 1513 685 1554 ξ.
717 1513 790 1553 24),
822 1519 855 1544 et
883 1514 1059 1554 posteriore
1093 1515 1165 1546 loco
1195 1515 1240 1546 ita

79 1575 265 1602 occurrunt:
309 1568 464 1609 Hom-tzs‘sg
495 1565 660 1608 ἀκροάσεως
688 1565 722 1607 ὡς
753 1565 769 1610 ἡ
801 1566 1005 1608 &sempsit-rav.
1057 1570 1239 1611 Explicabis

79 1626 173 1668 igitur
203 1623 401 1667 Νικσμαχεῖων
434 1634 570 1663 nomen,
605 1629 677 1655 utro
708 1625 844 1655 volueris
878 1625 984 1656 modo.
1035 1625 1240 1657 Verisimilior

80 1692 156 1714 sane
186 1681 271 1723 prior
302 1679 486 1721 explicatiO,
525 1691 597 1711 cum
627 1680 722 1711 etiam
751 1680 916 1712 Eudemus
945 1681 1116 1722 discipulus
1148 1682 1239 1712 aliam

80 1737 261 1770 Aristotelis
285 1736 421 1774 seriore,
451 1740 487 1767 ut
509 1736 650 1774 videtur,
681 1740 826 1777 tempore
849 1736 989 1768 habitam
1013 1737 1045 1767 in
1069 1738 1178 1778 Lyceo
1201 1738 1240 1769 de

79 1793 226 1825 Moribus
256 1792 503 1834 praelectionem
533 1792 565 1823 in
595 1792 739 1823 ordinem
769 1792 925 1833 redegerit
955 1797 988 1824 et
1017 1792 1135 1834 publici
1161 1793 1240 1834 juris

81 1849 207 1887 fecerit,
237 1848 352 1880 Ethica
374 1848 532 1879 Eudemia
561 1848 768 1879 nominatam.
816 1848 889 1881 Qua
912 1848 944 1879 in
969 1848 1108 1880 editione
1131 1849 1240 1880 Mora-

80 1906 158 1937 lium
180 1903 361 1936 Aristotelis
385 1903 499 1935 Ethica
522 1904 738 1936 Nicomachea
761 1914 856 1945 saepe
880 1904 1093 1945 explicantur,
1113 1905 1242 1946 jamque

82 1960 193 2002 incipit
216 1960 300 2001 quod
322 1960 412 2000 plura
434 1964 511 2001 post
534 1960 659 1991 saecula
688 1960 720 1991 in
744 1960 918 2002 Andronici
941 1960 1058 1991 Rhodii
1081 1961 1243 2001 Peripate-

66 2016 137 2061 „tici
152 2015 340 2059 Paraplirasi
363 2015 502 2056 apertius
522 2015 667 2048 cernitur.
703 2016 773 2047 Nec
790 2016 848 2047 alia
865 2021 914 2047 est
929 2016 1119 2057 Magnorum
1133 2017 1241 2047 Mora-

85 2062 162 2103 lium
195 2071 353 2109 conditio,
385 2071 465 2102 ratio
496 2075 528 2102 et
558 2071 640 2102 finis.
697 2071 864 2103 Genuinae
894 2077 969 2103 sunt
998 2071 1243 2113 uniuscujusque

87 2128 201 2159 horum
232 2137 363 2168 operum
395 2126 587 2165 sententiae,
619 2127 676 2158 sed
706 2127 865 2169 ipsissima
889 2127 1069 2159 Aristotelis
1099 2127 1194 2160 verba
1218 2127 1244 2159 is

111 2191 235 2210 Commeat.
246 2189 274 2210 ad
284 2189 352 2210 Arist.
363 2189 439 2210 Ethica
449 2188 533 2210 Nicoin.
542 2189 578 2210 ed.
586 2189 702 2211 Michelet.
1028 2181 1041 2207 1
