1439 2342
161 45 232 83 170
432 46 612 74 Commenta.
634 45 667 73 ad
689 46 799 74 Aristot.
825 45 912 73 Ethie.
933 45 1037 74 Nicom.

157 165 284 197 semper
306 157 484 196 spectatur,
514 163 586 185 eum
608 153 731 185 nummi
752 153 938 195 quantitatis
960 153 1150 196 aequalitate
1172 154 1312 187 diversas

157 221 261 244 rerum
283 209 441 242 venalium
464 208 631 250 qualitates
654 219 837 251 comparare
860 214 893 241 et
914 209 1040 251 possint
1062 214 1096 241 et
1117 209 1265 242 debeant.

244 266 273 306 §.
306 264 355 297 13.
408 264 609 306 Quamquam
642 264 770 306 proprie
803 265 924 297 lucrum
959 270 994 297 et
1026 265 1176 296 damnum
1209 265 1241 297 in
1275 265 1314 298 iis

157 319 369 354 contractibus
397 319 549 359 occurrit,
580 320 634 362 qui
663 326 780 362 sponte
807 321 904 360 fiunt,
935 326 1043 353 tamen
1072 332 1144 353 cum
1175 321 1233 353 hos
1263 321 1313 353 lex

157 376 334 418 permittat,
357 376 389 407 id
410 381 533 407 tantum
555 375 677 408 lucrum
701 381 734 408 et
756 376 923 414 damnum,
947 377 1033 419 quod
1056 377 1089 408 in
1111 386 1177 408 non
1200 377 1312 408 volun-

157 433 242 464 tariis
267 431 479 464 contractibus
505 433 554 473 (ex
571 432 688 464 delicto
705 443 822 475 nempe
837 433 926 473 ortis)
950 433 1055 465 locum
1077 432 1184 471 habet,
1206 432 1314 474 injusti

157 487 284 519 nomine
300 487 512 529 Philosophus
529 488 682 530 designat.
719 488 772 520 Sic
787 494 873 520 recte
889 488 1116 530 Paraphrastes
1132 493 1165 520 et
1178 488 1315 520 Michael

157 543 326 585 Ephesius.
373 543 586 584 Argyropylus
617 536 714 575 ἄδειαν
743 541 841 575 ἔδωκεν
873 539 887 575 ὁ
916 541 995 586 νόμος
1025 543 1066 584 (ᾧ.
1094 543 1150 582 13)
1181 554 1244 575 non
1275 543 1314 574 ad

156 599 276 630 lucrum
299 603 332 630 et
349 599 510 637 damnum,
535 599 591 630 sed
615 598 655 630 ad
679 599 767 640 ipsos
790 604 973 631 contractus
996 599 1091 631 refert
1114 599 1313 641 (quamquam

158 654 227 696 quis
250 665 390 696 unquam
415 654 621 693 dubitaverit,
650 655 822 687 emtionem
846 655 1061 687 venditionem
1093 654 1213 696 legibus
1237 665 1313 686 con-

157 721 280 742 cessam
304 711 424 750 esse?):
456 715 488 742 et
511 710 551 741 ad
575 710 627 742 τῶν
650 708 733 751 παραὶ
764 708 797 742 τὸ
824 708 949 743 ἑκούσιον
976 711 1013 752 (ᾦ.
1042 711 1092 751 14)
1117 721 1182 742 non
1206 714 1313 742 συναλ-

156 763 310 808 λαγμάτων
332 766 494 807 intelligit,
524 766 581 798 sed
603 766 681 798 haec
701 767 797 799 verba
826 767 921 799 vertit
943 767 1033 809 quasi
1062 766 1126 798 sint
1156 766 1314 808 appositio

156 821 270 862 κέρδους
293 819 364 860 τινὲς
392 819 439 853 καὶ.
471 821 587 863 ζημίας,
618 834 690 854 cum
713 828 820 855 tamen
845 823 995 855 damnum
1019 823 1138 854 illatum
1166 833 1230 853 non
1255 822 1315 853 nisi

156 878 254 909 invite
269 877 401 919 patienti
417 877 550 916 aecidat,
573 883 690 918 sponte
707 889 782 910 vero
798 878 943 910 homines
959 879 1128 910 lucrentur.
1146 896 1184 901 —
1203 875 1313 918 ἔδωκεν)

158 932 275 964 δέδωκεν
297 933 348 972 El,
374 933 478 971 CCC,
502 931 560 971 Kb,
585 931 644 971 Ob,
669 934 879 972 Cardwellus,
903 934 1065 966 Eudemus
1089 933 1142 974 qui
1164 938 1197 970 et
1219 925 1314 964 ἄδειαν

157 989 285 1021 omittit.

245 1045 272 1086 ξ.
299 1044 350 1077 14.
404 1043 483 1078 ἅλλεὶ
514 1042 598 1077 afim*
617 1043 656 1077 δι’
689 1042 780 1076 αὑτῶν
808 1045 936 1086 γένηται)
971 1046 1076 1076 Nemo
1106 1045 1314 1086 interpretum

157 1101 235 1132 haec
259 1101 355 1132 verba
377 1101 542 1133 intellexit.
587 1101 765 1133 Felicianus
787 1101 898 1132 vertit:
928 1102 985 1132 sed
1004 1111 1061 1132 sua
1081 1102 1187 1141 cuique
1201 1111 1262 1141 per
1284 1111 1316 1131 se

159 1159 227 1197 ipsa
255 1158 420 1193 evaserint,·
455 1157 686 1198 Argyropylus:
720 1158 776 1188 sed
802 1167 858 1188 sua
885 1167 943 1197 per
971 1166 1004 1188 se
1031 1158 1100 1197 ipsa
1123 1159 1192 1188 eunt
1206 1157 1316 1196 factm

159 1211 350 1243 Lambinus:
373 1213 428 1244 sed
445 1213 538 1252 paria
553 1213 684 1252 paribus
705 1213 893 1253 respondent.
940 1212 1023 1243 Cum
1047 1211 1074 1252 ξ.
1098 1211 1149 1243 13.
1173 1211 1316 1250 dixisset,

158 1267 287 1299 nomina
315 1266 414 1307 κέρδος
443 1273 476 1299 et
504 1266 594 1309 ζημία
627 1273 697 1300 orta
728 1278 799 1300 esse
829 1278 847 1299 e
877 1267 1089 1299 contractibus
1121 1267 1315 1306 voluntariis,

153 1324 219 1365 jam
243 1323 270 1364 ᾧ.
298 1322 348 1355 14.
371 1323 537 1365 proponit,
562 1334 599 1355 ea
622 1324 750 1355 nomina
773 1323 925 1355 translata
948 1334 1019 1354 esse
1042 1323 1082 1354 ad
1107 1322 1315 1364 obligationes

159 1390 197 1412 ex
222 1379 354 1418 delicto,
385 1379 429 1410 ita
458 1384 494 1410 ut
523 1379 554 1410 in
586 1379 623 1410 iis
655 1380 732 1411 solis
761 1383 962 1421 usurpentur.
1009 1379 1123 1410 Verte:
1162 1378 1219 1410 Ubi
1246 1389 1317 1410 vero

159 1445 250 1475 neque
272 1436 345 1475 plus
372 1444 463 1475 neque
491 1436 590 1466 minus
619 1436 741 1474 habent,
764 1439 979 1476 praeterquam
1006 1445 1080 1475 quae
1103 1445 1163 1475 per
1185 1445 1217 1466 se
1237 1436 1318 1475 ipsos

149 1491 242 1531 facta
263 1492 327 1522 sint
347 1494 408 1521 etc.
455 1490 499 1521 Et
521 1501 635 1522 sensus
658 1496 724 1522 est:
752 1491 845 1529 Cum,
870 1501 951 1532 quae
973 1501 991 1522 e
1014 1494 1179 1521 contractu
1202 1495 1317 1531 sponte

161 1545 304 1577 dederint
326 1550 359 1577 et
381 1545 544 1577 amiserint
564 1546 615 1577 vel
639 1546 827 1588 acceperint,
852 1556 916 1577 non
941 1546 1026 1577 lucro
1043 1546 1199 1577 damnove
1215 1556 1316 1587 appo-

161 1607 254 1639 nant,
276 1601 411 1642 ideoque
433 1612 493 1633 nec
516 1601 555 1632 ad
579 1601 736 1643 justitiam
759 1601 983 1643 injustitiamve
1006 1607 1171 1639 revocent,
1196 1602 1317 1643 justum

162 1657 323 1699 cujusdam
347 1657 443 1687 modo
467 1657 543 1688 lucri
567 1663 599 1689 et
622 1658 727 1688 damni
757 1657 895 1689 medium
919 1662 985 1697 est,
1015 1667 1131 1698 nempe
1154 1658 1221 1698 ejus
1242 1657 1318 1688 lucri

163 1718 196 1744 et
218 1712 341 1750 damni,
372 1712 457 1753 quod
480 1713 512 1744 in
536 1712 778 1755 obligationibus
809 1724 874 1745 non
898 1713 1081 1744 voluntariis
1105 1713 1220 1744 evenit.
1266 1712 1319 1744 Sic

163 1765 237 1800 αὐταὶ
264 1765 303 1798 δι’
329 1763 420 1799 αὐτῶν
442 1769 624 1810 intelligitur
647 1780 685 1800 ex
709 1769 912 1811 oppositione
942 1768 996 1800 τῶν
1019 1765 1100 1809 παραὶ
1124 1765 1156 1799 τὸ
1181 1765 1317 1805 ἑκούσιον,

163 1829 196 1856 et
219 1821 297 1856 ἀλλά
319 1834 377 1865 pro
400 1826 476 1863 nisi,
491 1828 705 1866 praeterquam
727 1825 943 1867 accipiendum
967 1829 1033 1863 est,
1057 1830 1093 1855 ut
1115 1824 1147 1855 in
1170 1823 1257 1854 libris
1280 1823 1319 1854 de

164 1880 279 1912 Anima
302 1879 330 1918 Ι,
356 1880 392 1919 1,
422 1879 449 1920 ᾦ.
478 1880 535 1919 11,
566 1885 696 1923 utraque
720 1881 937 1913 enuntiatione
961 1885 1046 1912 arcte
1069 1885 1247 1918 contracta;
1280 1879 1318 1910 cf.

165 1935 433 1977 Trendelenburg.
457 1936 497 1967 ad
520 1936 551 1967 h.
576 1936 595 1967 l.
621 1947 651 1978 p.
676 1937 836 1970 209-210.
859 1955 900 1961 --
924 1936 977 1968 τῶν
1001 1933 1083 1976 παραὶ
1107 1933 1156 1976 τό)
1179 1935 1242 1967 Pro
1266 1935 1319 1966 τῶν

165 1991 260 2023 habet
290 1989 331 2032 τῷ
354 1990 400 2022 Kb
432 1991 614 2031 (seeundum
645 1992 854 2033 Bekkerum),
884 1990 918 2024 τό
942 1993 1035 2032 Vrat,
1065 1990 1128 2029 Mb,
1160 1992 1238 2023 Ven.
1286 1990 1318 2021 ln

166 2046 346 2079 Eudemiis:
375 2043 440 2085 ὥςτε
463 2046 577 2087 κέρδους
600 2044 670 2085 τινὲς
692 2045 740 2078 καὶ
763 2047 864 2089 ζημίας
886 2048 972 2091 μέσον
995 2045 1028 2079 τὸ
1052 2044 1160 2079 ὁίκαιᾶν
1184 2046 1256 2084 ἐστι,
1279 2045 1321 2086 τῷ

169 2100 246 2142 παῖ-’ἂ
272 2100 304 2134 Τὸ
329 2100 454 2135 ἑκῦύσιῦν
478 2101 510 2134 Τὸ
534 2101 594 2134 ἴσον
617 2101 689 2144 ἔχξιν
711 2101 758 2135 καὶ
783 2101 919 2144 πρότερον
942 2101 990 2136 Καὶ
1012 2098 1139 2144 ὕστερον.
1183 2102 1318 2134 sensum
