1439 2342
515 97 586 123 Libri
608 97 654 123 ix.
686 96 750 131 Cap.
774 96 820 126 lv,
1175 93 1249 130 289

95 200 293 237 ἅλλοιωθέντα
316 202 396 244 γοῦν)
417 204 478 235 Pro
502 203 566 244 γοῦν
589 204 698 245 legunt
722 196 766 235 οῧν
791 203 980 235 Cardwellus
1023 207 1056 234 et
1085 203 1249 235 Bekkerus

95 247 269 292 secunilum
294 259 420 291 codices
445 270 531 296 suos,
557 259 698 300 exceptis
724 258 767 290 L¹‘
792 264 824 290 et
846 258 892 290 0¹·
917 259 969 300 qui
994 259 1145 290 exhibent
1168 258 1209 291 ὸέ.

184 315 212 357 ξ.
237 313 268 347 4.
316 314 346 346 ἐκ
376 315 502 354 παιὸιῖίς)
519 316 582 346 'Sic
605 315 721 346 Zellius
751 315 789 346 de
815 316 874 346 Par
905 321 1029 352 tacens,
1060 316 1139 353 Ald,
1164 316 1250 346 Ven:

95 372 239 409 παιδικαῖς
269 371 364 409 Vrat,
395 370 587 403 Cardwellus
619 376 651 402 et
674 371 837 402 Bekkerus
867 382 883 401 e
908 371 1069 402 codicibus
1100 371 1164 402 suis
1196 381 1250 402 ex-

95 433 188 469 cepto
226 426 282 465 Nl‘,
320 427 371 469 qui
408 426 573 458 nobiscum
609 427 691 457 facit.
746 427 911 467 Vulgatam
948 427 977 457 ἐκ
1013 426 1128 465 παιδίας
1165 427 1253 457 dedit

95 483 316 514 VVilkinsonus
341 483 408 514 sine
432 483 582 513 varietate
614 483 767 513 codicum.
815 483 866 514 Sic
895 483 1006 523 legisse
1039 483 1161 513 videtur
1186 484 1251 513 Eu-

96 540 235 576 stratius,
251 550 322 571 curn
340 539 439 570 dicat:
457 538 556 577 φίλους
572 538 641 570 εἶναι
654 535 713 569 circo*
728 539 774 580 τῆς
788 539 839 569 τιῖἷν
854 538 919 569 md:
928 553 959 569 ων
975 537 1081 577 φιλίας.
1106 539 1251 569 Forsitan

95 595 212 633 παιδιᾶς
227 606 244 626 e
258 595 468 636 Paraphraste
489 595 593 626 fluxit:
615 594 640 626 εἰ
656 591 710 634 7pr
733 592 782 626 δύο
804 594 910 625 παίὸων
928 593 1016 633 φίλων
1034 587 1114 626 ὄντων
1132 591 1179 625 &ici
1204 591 1252 636 τὴν

95 646 205 692 ἡλικίαν
218 648 265 682 καὶ
279 647 312 681 ‘rei
327 650 478 691 διατριβῶν
491 648 538 682 καὶ
552 651 669 689 παιὸιῖίς
682 652 812 681 κοινωνεῖν
825 665 852 681 κ.
867 664 891 681 τ.
905 654 932 682 λ.
961 650 1078 681 Coraes
1093 651 1251 688 vulgatam

97 717 225 738 servans
235 713 341 738 notat:
355 705 489 748 Σημαίνει
499 700 586 743 ὸέῧν,
597 703 736 746 ἑποτέρας
750 701 782 737 ἂν
797 706 913 747 τοιίσης,
927 703 974 747 τὴν
988 702 1120 747 παιδικὴν
1133 702 1252 746 ἡλικίαν.

95 780 141 786 ·—
165 759 249 795 ταῦθ’
281 759 412 804 ὑπάρξει)
439 774 481 794 Sc.
513 759 544 794 r&
569 759 748 802 ἀρέσκεσθαι
776 764 832 799 τοῖς
867 758 979 799 αὐτοῖς,
1013 759 1045 792 τὸ
1068 761 1177 802 χαίρειν
1205 758 1253 792 καὶ

96 815 130 850 τὸ
154 821 325 851 λυπεῖσθαι.
350 839 392 844 -
416 817 537 861 εἴρηται)
564 819 612 850 Cf.
630 831 724 860 supra
742 818 819 857 Vlll,
845 830 871 850 c.
898 820 926 854 7,
951 818 978 859 {¹-
1004 817 1093 855 6-73
1125 823 1157 848 et
1181 828 1254 858 spe-

98 879 164 909 ctat
187 880 291 906 totum
316 881 461 907 nostrum
487 881 581 916 caput
605 876 643 906 ad
667 876 728 907 hoc
752 879 849 916 caput
872 874 1042 915 septimum
1066 873 1138 904 libri
1163 884 1254 914 prae-

97 930 250 964 cedentis.

188 986 216 1027 ᾧ.
241 986 271 1018 5.
319 985 528 1027 προγενομένην)
552 985 782 1027 προγεγενημένην
800 985 961 1016 Bekkerus
979 995 1016 1015 ex
1034 984 1091 1022 HR
1117 982 1171 1022 Ι),
1196 982 1254 1023 Nb,

99 1040 165 1074 Ob:
190 1041 402 1083 προςγενομένην
426 1043 512 1079 Vrat‚
537 1043 608 1080 Ald,
633 1043 712 1072 Ven.
731 1060 774 1064 —-
792 1037 809 1082 ἡ
826 1038 965 1080 διάλυσις)
985 1040 1254 1071 Bekkerianorum

99 1098 244 1129 codicum
268 1099 354 1129 solus
378 1097 424 1129 Nb
449 1098 624 1136 articulum,
650 1109 742 1139 quem
770 1097 960 1129 Cardwellus
990 1096 1106 1132 omisit,
1130 1095 1254 1127 retinet.

187 1153 285 1186 CAP.
299 1153 355 1184 IV.
380 1154 406 1195 ξ.
425 1155 452 1186 1.
478 1150 514 1185 rc)
531 1151 633 1194 φιλικοὶ
643 1153 673 1184 δὲ
688 1150 757 1193 πρές
766 1150 828 1191 τούς
842 1151 952 1192 φίλους)
964 1149 1120 1193 τεῖρῡὸῖόἕ
1135 1152 1257 1182 addunt

99 1209 290 1241 Cardwellus
316 1215 348 1240 et
372 1210 535 1241 Bekkerus
560 1211 623 1241 suis
649 1221 665 1241 e
690 1210 861 1247 codicibus,
887 1214 1020 1250 excepto
1041 1206 1095 1246 L¹‘,
1121 1208 1174 1248 qui
1197 1219 1255 1249 pro

99 1262 139 1296 τοί
172 1265 268 1296 habet
303 1264 361 1297 καί.
419 1266 499 1297 Post
523 1265 622 1305 φίλους
660 1265 781 1296 addunt
816 1264 902 1303 πέλας
937 1265 985 1301 El,
1021 1263 1077 1296 Kb.
1138 1264 1257 1295 Coraes

100 1318 172 1362 πρὸς
193 1317 258 1360 τούς
282 1320 381 1361 φίλους
405 1322 573 1353 delendum
599 1327 717 1353 censet.
742 1339 784 1343 —
808 1318 854 1352 τὸν
884 1316 1050 1362 βουλόμενον
1081 1317 1129 1351 καὶ
1161 1316 1257 1360 πράτ-

101 1379 198 1417 τοντα)
239 1389 283 1409 sc.
320 1377 361 1418 τῷ
391 1377 477 1419 φίλῳ,
507 1379 592 1420 quod
621 1379 688 1420 jam
719 1377 945 1418 Paraphrastes
981 1376 1109 1407 addidit.
1167 1376 1258 1408 Quae

101 1433 152 1464 hic
179 1439 380 1475 exponuntur
414 1434 445 1465 in
469 1435 648 1465 universum
678 1434 831 1465 amicitiae
860 1433 973 1470 officia,
1010 1443 1101 1462 suum
1137 1432 1259 1472 singula

101 1489 327 1521 nanciscuntur
350 1495 445 1530 caput
478 1490 510 1520 in
534 1490 596 1521 hoc
626 1490 764 1521 secundo
796 1489 866 1520 libri
893 1488 934 1520 IX
965 1493 1116 1519 tractatu:
1153 1488 1258 1518 Bene-

101 1546 240 1592 yolentia
279 1548 326 1585 (c.
364 1546 422 1584 5),
465 1545 682 1592 beneficentia⁸
711 1548 752 1584 (c.
785 1547 830 1583 7),
863 1545 1030 1576 concordia
1064 1548 1104 1582 (c.
1138 1542 1185 1581 6).
1219 1561 1256 1567 —

103 1593 171 1642 ἕπερ
197 1601 227 1633 αἱ
249 1601 375 1644 μητέρες.)
403 1602 484 1634 Cum
517 1602 611 1633 etiam
644 1607 777 1638 matres,
810 1601 869 1632 etsi
900 1612 962 1631 non
996 1610 1187 1641 magnopere
1211 1599 1257 1630 la-

102 1656 218 1689 borent
247 1662 283 1689 ut
312 1669 329 1688 a
358 1657 462 1689 liberis
493 1658 704 1695 redamentur,
730 1657 756 1687 si
780 1657 846 1688 fieri
871 1668 934 1687 non
958 1656 1062 1698 possit
1085 1656 1139 1694 (cf.
1165 1666 1260 1696 supra

102 1713 182 1752 vm,
207 1724 234 1745 c.
259 1713 290 1751 8,
315 1714 341 1755 ξ.
368 1714 412 1752 3),
438 1719 469 1745 et
494 1714 593 1751 amici,
617 1714 699 1745 inter
723 1724 801 1755 quos
827 1713 964 1744 amicitia
988 1717 1115 1743 maneat
1146 1722 1258 1753 quam-

101 1769 150 1801 vis
175 1769 402 1801 offensiuncula
426 1769 539 1801 oborta
563 1771 613 1807 sit,
637 1775 742 1801 tamen
768 1769 969 1800 nihilominus
994 1768 1022 1800 ei
1039 1779 1132 1810 quem
1150 1772 1260 1798 amant

103 1824 189 1856 bona
202 1826 331 1867 cupiant
345 1825 426 1856 illius
451 1837 556 1864 causa,
570 1826 692 1857 etiamsi
710 1826 824 1857 nullam
838 1825 911 1857 inde
924 1829 1057 1866 sperent
1073 1824 1259 1855 utilitatem:

104 1881 205 1919 multo
229 1881 328 1922 magis
353 1881 403 1913 hic
427 1882 550 1913 animus
573 1882 655 1913 inter
678 1893 733 1913 eos
758 1882 877 1913 amicos
903 1881 1037 1912 existere
1058 1879 1171 1918 debet,
1208 1879 1261 1921 qui

106 1948 170 1968 non
199 1943 235 1968 ut
261 1937 303 1968 illi
334 1942 444 1968 mutuo
475 1938 622 1970 convictu
657 1938 832 1980 privantur,
863 1938 919 1969 sed
957 1937 1047 1968 simul
1085 1940 1261 1967 versantur.

109 1993 244 2025 Garvius
276 1993 319 2024 ita
352 1994 555 2035 parenthesin
585 1994 809 2036 interpretatus
842 2000 907 2031 est,
940 1993 1029 2035 quasi
1059 1992 1136 2023 haec
1167 1990 1263 2022 verba

108 2054 294 2090 argumento
326 2049 403 2088 sint,
434 2050 514 2081 hanc
542 2050 695 2082 amicitiae
720 2050 937 2081 definitionem
962 2060 1026 2080 non
1052 2047 1262 2079 sufficientem

107 2104 272 2136 Aristoteli
294 2105 394 2137 visam
418 2106 532 2144 fuisse3
558 2111 590 2138 et
614 2117 689 2138 sane
721 2117 800 2148 quae
829 2110 1002 2148 sequuntur
1035 2105 1162 2135 demum
1191 2114 1262 2134 eam

108 2159 294 2199 absolvunt,
320 2172 390 2193 cum
416 2162 617 2203 perspicuum
641 2161 699 2200 sit,
731 2162 959 2204 Philosophum
989 2172 1101 2192 omnes
1125 2165 1190 2191 tres
1214 2159 1263 2190 vel

135 2221 258 2242 comment<
273 2219 301 2240 nd
316 2220 383 2242 Arist.
398 2220 474 2241 ethica
489 2221 573 2242 Nicom.
587 2220 622 2242 ed.
635 2220 748 2241 Miehelev.
1032 2223 1063 2249 19
