1444 2322
198 54 233 80 lv
712 50 842 77 Praefatio

197 152 410 187 humaniore
437 150 591 185 Krischii
604 149 815 184 recensione
841 149 1033 195 (denaia-clm
1063 149 1253 195 al4qenaeivze
1283 148 1342 184 Li-

197 216 494 263 teratur-Zeitmaey,
520 215 704 250 December
726 214 828 257 1835,
853 213 920 249 No.
932 213 1106 256 228-232,
1133 213 1346 257 8385-415)

197 283 317 328 potuit
347 281 548 327 percipere,
580 292 690 326 quam
722 292 765 315 ex
802 280 1033 315 acerbissima
1071 280 1206 315 Stalirii
1237 280 1349 324 (Neue

197 347 406 383 Jalcrboclzer
423 347 493 393 far
525 347 702 393 Philoloyie
732 345 803 381 und
826 345 1045 392 Paeclayoyih
1076 345 1156 380 oder
1182 344 1348 380 Krite'sclze

199 412 396 455 Binodzek,
423 412 490 448 Bcl.
518 412 624 454 XIV.,
649 412 723 458 Hft.
749 412 784 452 8,
815 412 849 446 S.
883 411 1083 455 :wi-400),
1109 411 1212 457 eujus
1237 410 1346 445 inhu-

198 479 354 514 manitas
380 478 564 513 hominem
591 477 824 524 plerumque,
850 489 923 511 non
946 489 1023 511 rem
1044 483 1224 523 spectasse
1249 475 1345 511 vide-

199 551 270 580 tur.
301 544 406 580 Quae
419 543 631 589 singulatim
655 543 698 577 iis
725 548 789 577 aut
801 542 1047 587 obtemperavi
1072 548 1135 577 aut
1162 547 1348 577 aversatus

199 621 289 652 sum,
315 610 354 643 in
381 609 643 644 commentario
666 609 742 654 jam
769 620 868 643 nune
894 614 1038 643 exstant
1065 609 1209 654 scripta.

295 674 367 710 Sed
382 680 423 709 ut
436 674 481 709 ad
508 686 550 709 ea
564 686 621 709 me
637 679 858 714 convertam,
883 686 975 719 quae
1003 675 1038 708 iu
1068 675 1278 709 universum
1304 673 1348 707 de

200 746 302 776 textu
327 740 531 775 Aristotelis
563 740 821 775 constituendo
848 740 1032 774 Krisehius
1058 740 1244 786 proponit,
1274 751 1348 773 non

200 806 372 848 arbitror,
397 817 490 851 quae
515 806 649 852 passim
674 806 710 840 in
745 806 863 851 priore
902 807 1153 840 commentarii
1191 805 1349 840 editione

201 872 316 907 fusius
342 883 452 917 quam
477 872 513 906 in
530 871 597 906 hac
625 883 718 905 nova
732 870 914 911 adnotavi,
940 883 1070 917 nempt-
1097 883 1171 906 uno
1193 871 1350 906 alterove

200 937 338 979 codice,
369 937 582 983 praesertim
615 936 680 978 Mb,
705 937 891 982 vulgatam
918 936 1132 981 plerumque
1159 937 1237 977 niti,
1263 938 1351 971 haec

202 1004 337 1045 stricte,
363 1008 404 1038 ut
417 1003 605 1037 Krisehius
632 1002 667 1047 (l.
682 1002 703 1036 l.
717 1014 749 1047 p.
764 1001 849 1045 397)
876 1002 963 1043 vult,
988 1001 1199 1047 accipienda
1224 1006 1262 1036 et
1285 1013 1351 1048 pro

201 1069 377 1115 principio
404 1068 516 1103 totius
529 1068 617 1102 artis
633 1068 778 1102 criticae
792 1066 963 1113 ponenda
987 1079 1075 1101 esse.
1114 1066 1351 1102 infitiandum

201 1145 289 1169 sane
315 1145 389 1168 non
416 1138 482 1175 est,
506 1132 703 1167 editionem
729 1133 930 1178 principem
956 1133 1001 1167 ab
1029 1144 1102 1167 uno
1122 1132 1244 1167 codice
1268 1144 1351 1178 pro-

202 1199 334 1235 fectam
359 1210 454 1241 esse,
485 1199 691 1244 saepissime
730 1199 767 1232 in
800 1197 956 1240 officina,
982 1204 1174 1243 postquam
1200 1210 1352 1233 munere

202 1277 268 1300 suo
293 1263 486 1299 defunctus
512 1269 578 1306 est,
603 1263 801 1310 deperdito,
825 1268 863 1298 et
878 1269 1072 1308 sequentes
1086 1263 1264 1299 editiones
1289 1275 1353 1309 per

202 1331 341 1375 aliquot
365 1329 509 1365 saecula
534 1329 628 1364 hanc
653 1329 759 1374 primi
786 1334 906 1363 textus
933 1329 1178 1364 conditionem
1193 1341 1353 1364 servasse

203 1396 432 1441 reliquosque
446 1394 556 1430 libros
581 1406 604 1429 a
628 1394 713 1429 viris
728 1393 844 1429 doctis
860 1393 964 1429 adea
978 1395 1054 1429 sola
1074 1395 1151 1428 lova
1172 1395 1353 1440 inspectos

205 1461 330 1504 fuisse,
362 1471 454 1506 quae
485 1460 571 1506 ipsis
611 1460 785 1506 gravioris
811 1461 986 1495 momenti
1018 1446 1096 1495 esse
1127 1460 1353 1496 videbantur.

205 1527 331 1572 Neque
356 1526 558 1568 abnuerim,
584 1531 626 1560 ut
651 1525 750 1560 addit
766 1525 1181 1568 K1·ischius,Bekkerum
1207 1526 1356 1571 vulgata

204 1592 389 1627 meliorem
413 1591 663 1627 recensionem
688 1596 865 1637 perpetua
883 1591 1048 1627 codicum
1073 1603 1222 1627 suorum
1248 1592 1355 1627 colla-

205 1658 304 1693 tione
341 1657 564 1692 constituere
610 1656 773 1692 voluisse.
844 1657 943 1693 Quin
995 1663 1101 1703 puto,
1146 1657 1355 1702 ubicunque.

206 1722 390 1757 Bekkerus
424 1722 533 1757 tacite
565 1733 630 1757 seu
663 1722 760 1758 solus
793 1734 857 1758 seu
890 1722 1136 1769 adstipulante
1163 1722 1355 1758 Parisiensi

206 1788 306 1823 Zellii
348 1787 533 1834 vulgatam
581 1789 794 1830 correxerit,
838 1800 899 1824 sex
938 1789 994 1823 vel
1039 1793 1176 1834 septem
1215 1787 1357 1823 codices

206 1853 452 1888 vadimonium
478 1854 565 1888 satis
591 1852 738 1889 firmum
763 1865 878 1889 novae.
903 1854 1069 1889 lectionis
1094 1853 1220 1889 faeere..
1271 1854 1355 1890 Non

207 1918 323 1954 ausim
347 1917 540 1959 affirmare,
565 1924 603 1953 et
628 1919 843 1959 Bekkerum,
867 1919 991 1954 multis
1018 1919 1104 1954 loeis
1131 1920 1240 1954 unius
1266 1919 1355 1954 alte-
1403 1912 1405 1916 ¹

207 1983 326 2019 riusve
350 1983 482 2018 codicis
507 1985 716 2019 auctoritati
742 1985 849 2019 nimis
883 1984 1079 2023 faventem,
1112 1986 1148 2019 in
1181 1989 1358 2031 perpetua

209 2049 374 2095 vulgatae
406 2050 609 2084 mutatione
647 2056 684 2084 ‹·t
716 2051 851 2096 ipsum,
892 2056 931 2085 ut
973 2050 1127 2085 editores
1166 2051 1358 2097 principes,
