1439 2342
177 53 249 89 168
465 52 645 79 Commentnr.
667 51 702 78 ud
723 50 833 78 Ari-tot.
855 49 943 77 Ethie.
964 49 1068 77 Nicon.

174 168 275 193 torem
305 159 469 197 adhibeat,
503 168 597 200 quem
629 158 734 199 legere
769 158 846 190 dicit
874 151 942 199 ἕλην
970 159 1024 198 δγγ
1053 156 1092 198 τῆ
1117 169 1149 189 αε
1171 153 1327 198 ὑπερέχειν.

174 217 282 248 Varias
305 214 458 247 lectiones
482 208 548 254 ἕλην
571 217 604 244 et
624 208 771 253 ὑπερέχειν
786 212 951 245 Bekkerus
967 212 1122 254 agnoscit,
1145 213 1186 245 de
1201 226 1234 245 αε
1249 213 1322 246 silet

174 272 234 303 Ald
250 271 346 302 habet
361 281 411 301 αει
450 268 588 301 Michael
614 268 790 310 Ephesius,
820 268 1064 310 Pamphrastes,
1088 269 1158 300 Eud
1179 281 1223 307 εα,
1248 269 1334 311 quod

173 328 238 358 olet
260 326 418 367 glossema
441 329 495 356 aut
510 323 750 356 correctionem.
796 324 877 356 Utut
891 329 952 362 est,
975 335 1088 356 sensus
1107 324 1185 356 nihil
1205 324 1338 366 patitur,

174 394 244 414 cum
268 395 300 412 αε
324 385 356 412 et
378 393 412 412 εα
435 380 477 412 sit
500 379 611 412 eadem
634 379 734 418 linea,
765 390 881 422 nempe
904 379 1050 418 minima,
1081 391 1162 422 quae
1185 385 1334 422 superest

173 443 260 479 parte
273 447 330 467 sua
344 439 390 475 (εει
403 436 453 467 vel
469 439 516 474 αε)
534 434 648 466 ablata.
672 435 717 466 Et
731 446 803 467 cum
819 435 1037 476 longissimam
1049 435 1164 467 lineam
1190 437 1244 476 577
1261 436 1330 478 jam

173 492 381 524 nominaverit
407 491 561 532 incipiens
584 490 711 528 dextra,
749 490 911 522 minimam
947 491 1061 523 lineam
1091 491 1205 523 eodem
1234 492 1331 523 modo

173 548 336 590 designare
359 547 474 589 potuit,
498 557 570 578 cum
593 551 700 577 tamen
724 556 789 583 eas,
813 556 894 587 quae
919 551 1103 588 sequuntur,
1127 549 1163 587 γὸ
1188 552 1221 579 et
1243 552 1289 587 γζ,
1313 559 1332 579 a

177 615 253 636 aeva
278 609 369 645 parte
391 602 546 644 incipiens
570 601 724 633 nominet.
771 601 837 634 Qui
860 601 951 633 istius
975 602 1168 634 confusionis
1185 603 1332 636 vitandae

171 662 277 692 lcausa
299 659 397 691 lineas
421 657 460 689 ab
483 657 581 689 altera
603 662 692 698 parte
715 656 830 688 addere
857 661 891 688 et
912 657 1038 702 demere
1059 658 1231 697 voluerint,
1261 659 1317 690 nih

173 715 348 757 proficient.
394 713 423 745 A
453 712 562 755 quavis
592 712 676 744 enim
707 716 813 753 parte,
844 722 902 744 seu
924 713 1013 745 laeva
1035 724 1092 745 seu
1115 714 1240 753 dextra,
1271 715 1332 746 ad·

173 772 229 803 das
254 776 287 803 et
309 771 418 802 demas
442 769 568 807 lineam,
593 768 659 800 sive
682 779 714 799 αε
738 767 804 800 sive
827 780 860 799 εα
878 768 975 810 legas,
999 780 1125 810 semper
1141 770 1217 802 alias
1234 770 1332 802 lineas

171 839 189 859 a
204 832 294 869 parte
310 827 409 865 laeva,
433 825 509 856 alias
525 835 544 855 a
565 824 686 862 dextra,
709 823 889 865 incipiendo
906 829 1012 857 textus
1029 825 1184 867 designat.
1209 826 1331 859 Quam-

171 883 281 915 obrem
310 887 414 914 tantas
444 880 622 923 tragoedias
644 879 812 912 Krischius
837 880 872 921 (l.
898 881 918 913 l.
942 892 973 922 p.
991 880 1067 921 392)
1101 882 1238 914 excitare
1267 893 1330 913 non

172 939 297 977 debuit,
320 937 361 970 ob
385 937 525 969 additam
549 947 567 967 a
590 946 641 968 me
663 935 764 969 textui
787 936 992 969 Aristotelico
1015 937 1164 979 figuram,
1196 949 1268 969 cum
1290 949 1332 970 ne

170 994 342 1036 antiquitus
365 993 491 1035 quidem
517 993 563 1033 (ut
585 992 654 1033 ipse
677 995 783 1033 putat)
816 992 884 1023 sine
911 992 1011 1034 figura
1037 992 1166 1035 intelligi
1192 994 1332 1034 potuerit

171 1050 356 1092 Philosophi
381 1047 555 1087 sententia,
586 1058 644 1079 nec
667 1047 706 1079 ab
730 1047 894 1079 oculorum
917 1047 1033 1079 intuitu
1061 1053 1185 1081 veteres
1207 1049 1251 1080 ita
1274 1049 1329 1080 ab·

170 1106 357 1138 horruerint.
403 1103 553 1136 Resecuit
582 1102 688 1144 potius
718 1114 812 1145 quam
836 1103 930 1134 solvit
953 1103 1072 1135 nodum
1103 1104 1330 1145 Paraphrastes

170 1162 223 1204 qui
235 1175 267 1193 εα
279 1162 386 1202 legens
402 1161 534 1201 figuram
556 1159 588 1190 in
612 1159 750 1200 margine
774 1159 818 1191 ita
842 1158 1020 1200 descripsit,
1044 1165 1080 1191 ut
1102 1159 1192 1192 lineis
1217 1161 1331 1192 erectis

1386 384 1404 413 Q

172 1221 185 1249 ὁ
212 1228 369 1250 summum
393 1217 460 1260 ejus
484 1226 633 1248 cacumen
659 1215 716 1247 sit:

748 1796 763 1824 m

170 1887 306 1919 Michael
325 1886 460 1928 Epesius
480 1897 552 1917 curn
575 1896 829 1928 unamquamque
851 1886 1001 1917 linearum
1025 1886 1250 1927 primitivarum
1267 1897 1321 1918 sex
1414 1927 1416 1933 γ
1438 1925 1439 1928 ¹

169 1942 346 1974 cubitorum
360 1953 430 1974 esse
442 1942 540 1983 fingat
551 1945 584 1973 et
595 1946 659 1974 tres
668 1941 791 1973 cubitos
804 1942 904 1974 lineae
917 1954 955 1973 αα
969 1942 1094 1973 demtos
1108 1941 1208 1990 lineae
1221 1955 1256 1982 γγ
1270 1942 1324 1973 ad-
1398 1936 1417 1992 ’,Α
1436 1956 1439 1975 [

170 1999 233 2037 dat,
257 1997 380 2029 obtinet
404 1998 435 2028 in
458 1997 518 2029 illis
540 1996 631 2029 lineis
654 1998 894 2039 proportionem
917 1997 936 2031 3
955 2009 962 2029 ε
981 1999 1001 2029 6
1021 2007 1064 2022 =
1080 1997 1100 2029 6
1117 2009 1125 2028 ε
1143 1997 1174 2029 9.
1201 2014 1238 2022 -
1265 1995 1324 2028 ἔστι
1397 2012 1417 2065 Ν
1434 2012 1437 2040 J

170 2053 199 2084 ὀὶ
223 2053 289 2094 καί)
320 2053 407 2085 Haec
430 2052 526 2084 verba
548 2063 648 2094 usque
673 2053 712 2083 ad
738 2053 833 2085 finem
858 2054 904 2095 ῥυ
933 2063 1012 2095 quae
1035 2053 1075 2084 ab
1098 2052 1244 2084 omnibus
1268 2063 1325 2084 co·
1396 2094 1398 2100 y

170 2109 289 2140 dinibus
314 2114 536 2151 agnoscuntur,
561 2120 624 2141 non
649 2113 723 2140 sunt
746 2109 845 2140 aliena
870 2109 931 2140 hoc
954 2109 1040 2147 loco,
1064 2113 1118 2140 aut
1141 2119 1157 2140 e
1182 2108 1325 2149 sequenti
1393 2107 1439 2342 Ιι
