1444 2322
245 727 556 783 Praefatio
598 726 886 780 editionis
924 726 1161 795 prioris.

214 982 311 1023 Cum
335 991 586 1023 commodiorem
611 991 716 1022 locum
739 1000 804 1021 non
828 989 973 1027 habeam,
997 1000 1058 1030 quo
1077 990 1115 1021 de
1131 990 1275 1022 codicum

94 1061 255 1101 =ratione,
287 1060 340 1101 qui
370 1060 471 1091 textui
501 1059 728 1090 conformando
764 1058 1062 1100 commentariisque
1090 1058 1275 1091 illustrando

119 1121 311 1159 servierunt,
339 1131 514 1161 exponam,
540 1120 786 1161 descriptionem
818 1131 940 1159 eorum,
968 1121 1219 1162 qualemcunque
1243 1126 1273 1152 et

117 1183 329 1224 undecunque
352 1181 443 1224 potui
466 1181 643 1220 collectam,
667 1182 717 1213 hic
744 1193 940 1223 proponam,
971 1183 1034 1224 jam
1067 1194 1129 1213 non
1162 1194 1273 1215 verens

118 1255 157 1276 ne
187 1255 257 1276 eam
288 1243 436 1275 Bekkero
463 1241 652 1285 praeripiam
684 1243 770 1282 (vide
798 1244 896 1284 praef.
927 1254 1030 1275 meam
1062 1244 1123 1275 vol.
1150 1244 1274 1285 prioris,

118 1317 148 1348 p.
180 1306 248 1345 lv),
280 1306 396 1348 quippe
427 1305 479 1348 qui
515 1305 672 1347 promissa
703 1317 760 1337 sua
788 1316 853 1336 non
883 1305 927 1336 ita
956 1310 1078 1336 mature
1115 1306 1273 1337 soluturus

119 1379 188 1400 esse
210 1367 364 1399 videatur.

207 1429 292 1461 Octo
313 1427 474 1460 codicibus
498 1427 570 1459 loco
592 1427 721 1458 laudato
744 1428 901 1466 indicatis,
926 1429 1044 1460 scilicet
1068 1429 1168 1460 tribus
1192 1430 1256 1461 Wil

117 1491 312 1522 kinsonianis
336 1489 402 1528 (El,
425 1489 498 1527 Nc,
523 1489 637 1527 CCC),
662 1489 786 1521 duobus
809 1490 958 1521 Zellianis
990 1490 1089 1527 (Par,
1113 1490 1211 1527 Vrat)
1241 1495 1274 1521 et

117 1553 217 1584 tribus
241 1552 319 1583 meis
347 1552 402 1589 (A,
427 1551 464 1589 B,
490 1551 543 1588 C),
568 1562 648 1592 quos
679 1551 717 1581 ad
748 1556 870 1582 textum
900 1551 1155 1582 constituendum
1185 1552 1271 1582 adhi-

118 1614 190 1646 bere
215 1613 315 1654 potui,
339 1612 496 1643 accedunt
517 1612 584 1653 jam
609 1612 774 1644 Cardwelli
798 1617 830 1643 et
853 1613 988 1644 Bekkeri
1018 1613 1160 1650 codices,
1193 1624 1270 1654 quo>

116 1686 184 1706 rum
215 1674 318 1705 variae
342 1673 515 1712 lectiones,
544 1685 733 1715 quamquam
768 1679 843 1715 post
871 1673 992 1705 editum
1019 1685 1037 1704 a
1068 1684 1119 1704 me
1150 1678 1271 1704 textum

118 1736 192 1767 mihi
214 1736 430 1773 innotuerunt,
454 1735 682 1766 commentario
705 1739 812 1766 tamen
836 1746 977 1766 summae
993 1735 1120 1766 fuerunt
1134 1734 1271 1765 utilitati.

117 1798 199 1830 Cum
224 1797 306 1829 inter
330 1807 385 1828 sex
408 1796 546 1828 Bekkeri
569 1796 694 1828 codices
718 1797 790 1836 (Ha,
807 1795 864 1835 Kb,
882 1795 937 1834 Lb‚
954 1795 1017 1834 Mb,
1033 1795 1092 1835 Nb,
1110 1795 1172 1835 Ob)
1190 1806 1270 1827 unus

117 1858 192 1897 (L¹·)
223 1869 314 1890 meus
343 1859 401 1899 (A)
430 1858 604 1899 reperiatur
631 1862 665 1890 et
688 1858 853 1890 Cardwelli
881 1869 1008 1900 quoque
1035 1858 1146 1889 unicus
1169 1858 1271 1890 codex

118 1920 380 1958 (Laurentianus)
404 1920 436 1951 in
453 1919 721 1951 Bekkerianorum
745 1930 878 1951 numero
895 1926 1039 1952 occurrat
1056 1918 1141 1957 (Kb),
1165 1920 1270 1950 trede-

118 1981 179 2013 cim
209 1982 241 2012 in
270 1982 451 2013 univerzum
483 1985 557 2013 sunt
587 1980 730 2020 codices,
764 1992 899 2024 quorum
929 1982 1097 2023 praecipua
1127 1981 1270 2012 lectionis

119 2043 252 2075 varietas
276 2043 362 2075 hisce
386 2044 416 2074 in
441 2045 675 2076 commentariis
701 2050 812 2076 exstat.
861 2045 941 2076 Sunt
967 2050 1068 2075 autem
1096 2044 1143 2073 hi:
