1439 2342
184 83 232 118 38
462 82 639 107 Commenta.
665 78 698 104 ml
719 77 830 104 Aristot.
851 76 936 103 Ethic.
958 75 1062 102 Nieom.

186 190 267 227 being
290 187 417 229 τιμητέος
442 183 520 226 ἀνήρ,
539 186 606 226 jam
630 183 755 215 monuit
775 181 965 214 Ammonius
989 182 1104 214 Saccas
1127 181 1159 212 in
1182 180 1246 212 vita
1267 180 1336 212 Ari-

187 244 309 277 stotelis
333 242 467 279 (Buhle,
493 241 558 281 Op.
581 239 713 271 Aristot.
737 237 760 277 Ι,
783 248 816 280 p.
840 237 912 279 45)=
936 234 993 278 οὐχ
1016 233 1114 275 ἁπλῶς
1138 232 1274 277 ἀντιλέγει
1295 236 1336 277 τῷ

186 297 334 334 Πλάτωνι,
366 293 442 328 ἀλλὰ
466 298 523 334 τοῖς
550 292 589 336 μὴ
613 291 733 335 νοήσασι
756 289 794 324 ‘ni
817 293 871 325 ‘rofi'
892 291 1056 331 Πλάτωνος.
1087 292 1113 324 εἰ
1133 291 1164 324 ὁὶ
1186 289 1236 323 καὶ
1259 288 1337 332 αὐτῷ

187 355 227 395 τῷ
256 350 389 384 Πλάτωνι
417 348 570 391 ἀντιλέγει,
602 346 680 380 ουὸεν
709 361 826 380 ατοπον.
861 346 910 380 καὶ
941 349 966 380 ἐν
994 345 1104 387 τούτοις
1133 345 1189 389 γάρ
1219 344 1258 379 τοὶ
1286 347 1338 379 τοῖ’)

187 406 337 446 Πλάτωνος,
361 408 461 446 φρονε
447 417 465 437 ι·
490 403 579 437 αυτ-οῦ
601 402 656 445 γάρ
674 404 735 436 ἐστι
757 401 850 446 λόγος,
875 400 920 436 gra
943 404 1052 446 μᾶλλον
1068 406 1115 435 ὸεῖ
1130 403 1179 444 τῆς
1198 400 1338 444 ἇληθειας

187 462 356 505 φροντίζειν,
379 475 451 504 ηπερ
475 455 565 493 αλλου
588 459 668 498 τινός.

278 520 306 560 ξ.
325 519 355 551 2.
392 530 429 548 π
413 515 526 557 Γ,ἅτερον
549 513 597 547 καὶ
621 510 748 556 υστερον)
772 516 899 557 Nempe
921 515 1086 556 dignitate,
1108 525 1174 546 non
1196 519 1339 555 tempore

188 576 273 617 prius
296 579 329 606 et
350 573 518 614 posterius.
552 571 747 610 Accidentia‚
771 582 851 612 quae
874 571 1051 612 posteriora
1064 574 1139 601 sunt
1153 569 1340 609 substantia,

189 642 252 662 non
269 631 308 662 ad
324 638 525 660 communem
549 627 653 658 ideam
677 638 749 658 cum
773 627 842 668 ipsa
865 627 972 658 reduci
995 630 1146 668 possunt3
1171 625 1233 657 albi
1256 625 1340 656 enim

189 683 261 714 idea
284 683 409 714 diversa
440 688 490 714 cst
520 681 559 714 ab
581 682 653 714 idea
679 682 761 714 nivis
785 687 847 714 etc.
894 682 980 714 Haec
1003 682 1095 713 Plato
1126 681 1196 723 ipse
1224 691 1340 712 eonce-

190 739 287 770 deret.
334 739 484 780 Reliquae
509 743 616 770 autern
640 739 833 780 categoriae,
857 743 893 769 ut
916 738 1064 779 qualitas,
1088 737 1215 774 relatio,
1238 736 1341 778 ‹ligni-

191 799 256 825 tate
289 794 480 835 posteriores
520 799 595 826 sunt
631 794 810 826 substantia
845 791 896 834 (τὸ
925 793 957 825 τί
989 793 1086 833 ἐστι);
1129 793 1235 834 itaque
1269 803 1341 824 cum
1387 785 1389 788 ¹

192 850 309 881 bonum
329 849 370 881 sit
393 855 425 881 et
448 850 480 880 iu
504 850 654 891 qualitate
677 855 711 881 et
733 850 765 881 in
781 850 957 892 quantitate
978 854 1011 881 et
1033 850 1064 880 in
1087 849 1240 880 relatione
1263 852 1296 880 et
1310 847 1342 879 in

191 905 374 942 substantia,
392 916 455 936 non
472 896 609 947 possunt
623 905 708 937 bona
718 905 770 936 illa
786 905 825 937 ad
837 916 1038 936 communem
1053 905 1156 936 ideam
1172 903 1335 936 reduci.—

192 958 369 1001 παραψυείὸι)
401 961 587 993 Accidentia
616 961 656 992 ad
679 961 889 992 substantiam
913 971 947 992 se
970 960 1104 998 habent,
1132 966 1169 991 ut
1194 959 1272 1000 pulli
1293 969 1342 991 ar-

191 1016 274 1047 boris
299 1017 338 1048 ad
361 1021 545 1068 truncum.⁴
566 1017 615 1049 Cf.
639 1017 732 1048 Rhet.
756 1016 786 1055 Ι,
810 1017 847 1048 2:
873 1015 1020 1058 συμβαίνει
1040 1012 1090 1056 τὴν
1113 1011 1264 1056 ῥητορικὴν
1287 1012 1343 1046 οἷον

193 1071 339 1111 παραψυές
363 1085 390 1103 τι
414 1071 461 1113 τῆς
485 1071 663 1113 διαλεκτικῆς
685 1071 755 1104 εἶναι
777 1086 805 1104 κ.
830 1085 857 1104 τ.
880 1076 909 1103 λ.

280 1129 307 1168 ξ.
333 1128 362 1160 3.
410 1128 482 1160 Idea
504 1133 554 1160 est
576 1127 681 1160 unitas
704 1127 925 1169 intelligibilis3
955 1127 1060 1168 itaque
1084 1137 1156 1158 cum
1184 1136 1344 1167 unaquae-

193 1193 253 1224 que
277 1183 502 1224 categoriarum
525 1183 601 1215 item
626 1194 716 1214 suam
739 1183 855 1215 habeat
876 1182 1104 1224 intelligibilem
1127 1182 1281 1213 unitatem
1305 1181 1345 1212 ab

193 1239 289 1269 ultera
305 1238 470 1277 diversam,
494 1250 559 1270 non
582 1244 719 1280 possunt
738 1239 844 1280 plures
861 1238 1017 1280 ejusmodi
1033 1238 1170 1268 unitates
1195 1237 1235 1268 ad
1250 1248 1345 1268 unam

193 1294 294 1325 ideam
316 1295 432 1326 referri.
479 1295 603 1326 Dicitur
632 1299 738 1326 autem
765 1294 884 1326 bonum
916 1293 1089 1325 seeundum
1119 1303 1230 1324 omnes
1260 1297 1345 1325 cate-

192 1350 304 1390 gorias,
329 1350 400 1390 quia
423 1349 542 1381 bonum
567 1356 616 1382 est
631 1361 740 1382 verum
757 1361 824 1388 ens,
847 1361 904 1381 cns
921 1355 1026 1380 autem
1043 1349 1218 1380 secundum
1233 1359 1346 1380 omnes

194 1405 365 1446 categorias
390 1405 511 1437 dicitur.
559 1406 733 1439 Sciendum
762 1410 868 1436 tamen
899 1411 966 1444 est,
996 1405 1143 1436 omnibus
1166 1404 1227 1435 illis
1255 1414 1345 1445 argu-

194 1461 309 1492 mentis
332 1472 395 1491 non
420 1461 547 1492 refutari
570 1461 778 1493 universalem
803 1461 906 1493 ideam
930 1461 1022 1499 boni,
1054 1461 1074 1491 i.
1099 1471 1127 1491 e.
1151 1461 1258 1491 Deum
1281 1459 1346 1491 sive

195 1520 344 1555 mentem,
368 1517 398 1547 in
416 1517 563 1548 omnibus
579 1517 685 1556 rebus,
705 1517 847 1558 quamvis
863 1522 976 1547 natura
990 1515 1230 1557 posterioribus,
1249 1525 1346 1546 unum

194 1571 339 1612 idemque
373 1577 569 1604 manentem:
606 1573 662 1604 sed
691 1572 766 1604 boni
794 1578 918 1604 tautum
947 1571 1138 1604 abstractam
1172 1571 1346 1608 notionem,

196 1638 274 1666 quac
309 1632 395 1657 extra
430 1628 585 1659 bonorum
625 1629 765 1660 omnium
799 1628 1023 1661 commercium
1057 1627 1257 1659 existentiam
1289 1625 1347 1658 sibi

198 1681 353 1712 vindicare
377 1683 512 1714 studeat.
552 1684 665 1725 Neque
688 1685 794 1725 inepte
818 1685 950 1716 adnotat
972 1683 1169 1715 Eustratius:
1192 1680 1241 1713 καὶ
1265 1678 1348 1720 αὐτὸς

198 1736 407 1776 (Aristotcles)
432 1738 473 1777 τῷ
495 1738 595 1779 λέγειν,
627 1734 662 1770 εὗ
683 1737 776 1771 πάντα
801 1739 927 1780 ἐφίεται,
950 1736 983 1770 τὸ
1006 1735 1242 1771 καθολικώτατεν
1265 1739 1353 1778 όηλοῖ

196 1788 243 1821 καὶ
275 1788 306 1821 τὸ
338 1789 505 1829 πρώτιστεν.
558 1794 665 1836 Itaque
692 1795 873 1828 Eustratins
904 1792 1035 1836 τάγαθόν
1069 1795 1115 1834 (ut
1143 1805 1228 1835 supr.
1258 1805 1285 1824 c.
1316 1794 1347 1831 2,

199 1847 226 1888 ξ.
253 1847 282 1885 1)
314 1858 384 1878 cum
417 1848 546 1879 articulo
577 1861 633 1890 pro
664 1847 848 1892 αὖτοεῖγαθον
879 1850 977 1892 accipi
1000 1850 1077 1882 vult.
1123 1850 1210 1881 Male
1241 1854 1348 1880 tamen

197 1902 400 1934 Aristotelem
427 1910 568 1935 accusat:
605 1905 634 1942 ἐξ
666 1903 759 1947 ἀρχῆς
789 1906 837 1948 μὲν
865 1904 914 1937 καὶ
944 1903 1028 1943 αὐτὸς
1058 1902 1237 1947 ὁμολογήσας
1266 1901 1347 1941 αὐτὸ,

198 1958 238 1989 νῦν
251 1957 280 1989 ὀὶ
298 1956 540 1998 aduertamus-*cy
565 1956 632 1998 πρὲς
647 1960 727 1992 ἐκεῖνο
744 1959 913 2004 μαχόμενος.
948 1961 1102 1993 Distinxit
1117 1961 1200 1992 enim
1216 1961 1347 1992 Eustra-

198 2013 276 2051 tius,
300 2014 424 2045 Platoni
448 2014 541 2046 nimis
565 2015 684 2053 favens,
707 2016 826 2048 bonum
849 2030 912 2049 non
937 2018 996 2052 ita.
1020 2022 1056 2048 ut
1078 2016 1173 2048 modo
1197 2015 1348 2047 indicavi-

200 2080 278 2099 mus.
307 2087 343 2092 —
378 2070 401 2099 ἐν
428 2067 518 2110 τόπῳ)
550 2071 701 2101 Nonnulli
731 2072 856 2104 codices
888 2074 977 2113 (Par,
1001 2073 1057 2111 11²,
1081 2070 1139 2112 0¹³)
1170 2072 1196 2103 ἐν
1221 2071 1261 2112 τῷ
1284 2070 1348 2107 ποῦ’,

198 2125 281 2165 quod
314 2130 363 2155 cst
393 2126 534 2157 solemne
564 2126 644 2157 illius
675 2127 848 2168 categoriae
879 2129 1076 2160 vocabulum.
1128 2127 1193 2159 Sed
1222 2131 1254 2158 et
1281 2126 1348 2157 aliis
