1439 2342
437 105 510 133 Libri
523 105 580 133 vu.
603 107 668 144 οη».
681 105 860 145 x111(x1V).
1162 103 1236 140 249

76 214 134 254 N'·‚
159 214 332 247 Bekkerus.
351 234 391 239 ——
417 212 622 257 Σπεύσιππος)
648 215 786 248 Dicebat
802 215 1011 258 Speusippus,
1027 215 1234 258 voluptatem,

25 275 35 286 ’
76 272 136 304 etsi
159 271 341 313 oppositam
367 272 466 303 dolori
491 272 541 313 qui
568 272 608 304 sit
623 273 750 311 malum,
773 273 845 304 ideo
870 277 974 304 tamen
999 283 1063 304 non
1082 273 1148 314 jam
1165 283 1235 306 esse

75 327 211 367 bonum3
239 339 310 359 nam
336 328 427 359 sicuti
452 328 598 371 uoluptas
630 334 662 360 et
686 329 775 361 dolor
808 328 956 371 opposita
985 328 1049 360 sint
1072 328 1168 369 bone,
1192 329 1256 364 ita*

74 389 107 422 et
130 384 230 426 majus
255 389 286 416 et
317 384 420 415 minus
450 385 598 426 opposita
628 396 698 417 esse
731 385 867 428 aequali:
900 396 963 416 non
993 389 1099 416 tamen
1123 386 1234 427 majus,

74 440 256 483 oppositum
282 440 393 471 minori
425 442 508 482 quod
541 441 581 471 sit
612 441 786 483 inaequale,
817 441 888 472 inde
915 441 979 483 jam
1006 442 1134 484 aequale
1158 442 1234 474 fieri.
1264 475 1268 483 ⁸

73 497 163 529 Hanc
187 496 367 528 solutionem
393 497 580 528 Aristoteles
605 508 667 528 non
692 497 839 535 admittit,
865 497 935 539 quia
960 503 1153 539 sequeretur,
1178 509 1234 529 vo-

72 553 225 594 luptatem
253 564 323 584 esse
348 553 474 592 malum,
499 565 570 585 cum
595 554 740 596 voluptas
765 559 796 585 et
821 554 910 585 dolor
934 553 1018 584 bono
1043 554 1106 585 sint
1133 566 1234 596 oppo-

73 609 142 641 sita.
190 609 242 641 Sic
266 609 420 650 Aspasius
452 615 483 641 et
511 610 748 651 paraphrastes.
797 611 847 642 De
877 609 936 642 hac
966 610 1137 652 Speusippi
1161 622 1234 642 sen-

73 665 172 698 tentia
203 665 273 697 vide
304 666 454 703 Gellium,
486 666 581 697 Noct.
607 667 674 698 Att.
701 666 753 706 lx,
779 667 808 705 5,
834 667 883 698 ed.
909 666 1027 698 Gron.:
1053 668 1236 708 Speusippus

71 725 208 763 vetusque
230 723 326 753 omnis
348 723 513 754 Academia
538 724 711 763 voluptatem
740 726 769 754 el
790 723 919 754 dolorem
951 723 1007 754 duo
1031 725 1110 754 mala
1135 725 1237 755 dicunt

71 771 136 810 esse
158 780 290 819 opposita
312 780 390 810 inter
413 789 486 816 sese,
513 780 617 810 bonum
635 782 729 810 tamen
753 789 816 810 esse
840 780 918 820 quod
932 781 1083 820 utriusque
1106 781 1233 811 medium

61 835 157 876 foret.
206 834 254 865 Ad
292 833 364 875 φαίη
397 846 472 866 cave
503 835 658 875 intelligas
695 835 922 877 Speusippum,
959 835 1017 866 iste
1054 835 1138 867 enim
1174 836 1234 867 hoc

71 891 186 933 ipsum,
204 895 286 922 teste
304 890 418 929 Gellio,
444 891 528 929 dicit,
547 891 742 932 voluptatem
761 897 792 922 et
809 892 950 923 dolorem
968 892 1030 923 duo
1048 892 1130 923 mala
1146 902 1234 930 esse3

73 947 130 979 sed
151 958 238 979 more
263 947 358 979 solito
383 947 515 979 subaudi
546 961 602 986 ng,
637 948 721 990 quod
754 948 893 979 additum
920 948 959 989 τῷ
984 945 1014 979 οὗ
1038 948 1112 979 facit
1136 945 1233 986 οὐδείς,

71 1008 107 1036 ut
129 1004 356 1045 Paraphrastes
381 1009 413 1035 et
437 1004 590 1045 Aspasius
616 1004 775 1036 exhibent.

161 1060 189 1101 ᾧ.
215 1060 245 1093 2.
294 1051 410 1100 ἄριστον
436 1061 484 1099 ὁ·’)
509 1061 536 1091 δ’
559 1071 621 1091 om.
648 1059 718 1091 Mb:
752 1061 777 1091 τ’
803 1061 929 1103 scripsit
955 1060 1117 1092 Bekkerus
1142 1071 1159 1092 e
1184 1072 1233 1093 re-

71 1116 174 1158 liquis,
198 1123 233 1148 ut
256 1116 388 1154 videtur,
413 1116 586 1148 codicibus.
616 1136 650 1142 —-
679 1114 837 1159 ἐπιστήμην
854 1114 936 1155 τινά)
973 1117 1143 1158 Aspasius:
1170 1114 1234 1158 cip(-

72 1185 151 1214 στην,
176 1164 239 1214 ἤτοι
260 1169 308 1213 τὴν
333 1173 519 1213 φιλσσοῲίαν.
544 1192 587 1196 ——
613 1171 728 1213 φαύλων
747 1170 857 1211 :fio-13¹1)
883 1173 1036 1215 Aspasius
1061 1185 1125 1205 non
1150 1179 1234 1205 recte

70 1228 215 1270 intelligit
239 1234 321 1260 artes
346 1229 424 1260 viles
451 1226 660 1269 (βαναύσους),
685 1235 720 1261 ut
745 1227 968 1272 σκυτοτομικῆνε
995 1230 1052 1261 sed
1077 1235 1151 1261 sunt
1174 1241 1234 1272 po-

72 1284 133 1317 tius
156 1295 236 1327 quae
266 1285 305 1316 ad
336 1285 489 1317 luxuriam
519 1291 551 1317 et
581 1286 620 1317 ad
650 1286 876 1318 effeminandos
909 1287 1032 1318 animos
1064 1287 1234 1328 pertinent,
1262 1299 1267 1324 ῃ

72 1345 117 1379 ut,
141 1352 234 1383 quam
261 1341 341 1372 idem
367 1342 452 1380 citat,
485 1339 658 1383 ὄρχηστική,
692 1342 740 1373 vel
765 1353 858 1384 supra
882 1346 931 1383 (c.
963 1344 1010 1381 12,
1035 1344 1061 1384 ξ.
1087 1343 1138 1383 6.)
1162 1343 1233 1374 Ari·
1267 1348 1270 1376 ζ

71 1398 214 1435 stoteles,
236 1395 380 1439 μυρεψική
403 1404 435 1429 et
451 1398 578 1431 similes.
600 1416 639 1420 —
672 1394 737 1440 ἧὸὓν
762 1397 883 1439 εἵαται)
909 1400 996 1431 Haec
1021 1400 1234 1441 Philosophus

72 1458 261 1495 exposuerat
286 1465 380 1495 supra
404 1453 426 1491 Ι,
452 1466 478 1485 c.
502 1453 533 1492 8,
558 1454 585 1495 ξ.
605 1454 732 1487 10-14.
760 1475 796 1478 -
824 1452 867 1486 ὁιὲ
886 1458 1066 1495 προςὸεἴται)
1093 1456 1141 1487 Cf.
1159 1456 1234 1487 ibid.

73 1510 101 1552 ξ.
131 1510 191 1542 15-
208 1510 255 1544 16.
303 1511 375 1541 Non
402 1516 508 1542 tamen
534 1511 633 1552 rejicit
650 1516 760 1542 auctor
776 1512 909 1543 lectores
927 1513 966 1543 ad
983 1513 1061 1544 haec
1077 1513 1138 1543 duo
1155 1512 1233 1551 loca,

44 1606 47 1611 Δ
71 1577 142 1598 cum
165 1566 216 1598 hic
239 1571 391 1598 tractatus
416 1567 454 1598 de
479 1567 640 1609 voluptate
663 1567 742 1599 liber
765 1567 857 1599 suerit
880 1568 1054 1609 singularis.

159 1623 186 1664 ᾧ.
213 1622 242 1654 3.
290 1623 381 1654 Hanc
414 1624 604 1655 sententiam
629 1623 796 1655 habuimus
822 1623 843 1662 l,
868 1636 894 1656 c.
920 1624 951 1663 5,
978 1625 1005 1665 ξ.
1032 1625 1067 1663 6;
1093 1637 1119 1657 c.
1146 1625 1176 1663 9,
1203 1626 1219 1667 ’ξ

74 1679 124 1711 11.
172 1679 215 1710 Et
238 1679 480 1721 Thgophrastus
512 1680 542 1710 in
569 1679 647 1712 libro
680 1681 717 1711 de
743 1680 804 1711 vita
835 1680 928 1712 beata
953 1684 1067 1723 (quem
1092 1682 1234 1723 agnoscit

71 1735 165 1767 etiam
189 1735 344 1777 Diogenis
370 1736 488 1768 Laertii
519 1736 687 1768 elenchus:
719 1737 758 1774 V,
784 1738 810 1778 ξ.
837 1737 901 1775 43)
924 1737 1023 1769 fusius
1056 1738 1095 1769 de
1119 1738 1177 1770 hac
1201 1750 1234 1770 re

71 1791 250 1834 disputasse
274 1792 416 1831 videtur,
441 1798 475 1823 ut
504 1798 593 1834 patet
617 1804 634 1824 e
658 1793 830 1831 Cicerone,
861 1794 956 1825 Tusc.
983 1794 1117 1827 Quaest.
1141 1796 1180 1834 V,
1203 1795 1233 1834 9,

71 1859 164 1891 quem
197 1848 355 1890 vituperat
381 1849 555 1888 Victorius,
595 1849 680 1891 quod
710 1850 946 1891 reprehenderit
976 1851 1233 1893 Theophrastum

71 1916 141 1937 cum
165 1905 315 1946 magistro
339 1906 603 1938 consentientem.
627 1925 670 1929 —
694 1903 855 1948 τροχιζόμε·
852 1910 912 1945 ei)
945 1907 1082 1939 Coraes·
1108 1906 1214 1939 &ao-air:
1214 1922 1233 1939 J

70 1954 181 2003 ειὸοςην
194 1959 317 2002 nup-clv:
306 1965 343 2001 ἴς
357 1959 488 2002 αρχειῖοις
499 1959 511 1993 ἑ
527 1973 672 2003 τρεχος·
685 1975 731 1993 και
748 1959 778 1992 τό
803 1961 907 2003 τροχιζ
909 1967 1007 2001 εσθαι,
1023 1977 1072 1994 αττ
1062 1977 1089 2003 sp
1104 1988 1137 2003 ,,.
1127 1962 1234 1995 ἐπέτεῧ

71 2030 181 2057 τροχσυ
206 2019 459 2057 στρεβλοῧσὲειι,
484 2014 502 2060 ἦ
525 2043 559 2057 ,,-
550 2016 610 2050 ε’λκε
601 2023 710 2051 =53rcu⁶³
735 2018 807 2059 λέγει
833 2032 846 2049 o
868 2016 1043 2059 ’Aeternam
1046 2034 1080 2061 ης
1106 2021 1232 2061 (Πλσῧτ.

71 2073 146 2107 875.
170 2071 218 2105 καὶ
243 2074 307 2114 Ειρ.
333 2074 423 2112 452).
449 2093 492 2098 —-
516 2070 534 2116 ἢ
551 2072 629 2106 {now
630 2078 675 2114 ες)
700 2075 870 2118 Aspasius:
897 2089 959 2118 ητει
984 2090 999 2117 η
1024 2074 1233 2117 γιγνώσκοντες,

72 2143 114 2162 οτι
139 2143 188 2162 ουκ
214 2144 287 2162 εστιν
313 2131 339 2162 εἰ
341 2144 392 2170 τες
416 2128 563 2174 εὖδιιιμων,
592 2145 761 2172 muntem-:5
787 2146 833 2174 τη
859 2129 952 2174 dlvii&
957 2145 998 2164 ια
1032 2130 1107 2165 ονἰὁει
1132 2133 1214 2174 λέγω
1217 2156 1233 2162 -

71 2199 124 2226 σιν,
163 2178 225 2229 ἦτοι
265 2185 416 2226 usticiam-az
454 2185 603 2231 εὖόαίμονα
644 2186 689 2221 τᾶν
729 2188 849 2220 τοιοῧτςτ
900 2185 1085 2231 ἕιιομεὶζεντες.
1148 2190 1232 2222 Idem
