1439 2342
478 102 550 130 Libri
572 103 603 130 v,
625 102 692 137 Onp.
707 102 755 129 vu
772 102 832 135 (xi
1166 98 1238 136 183

78 209 174 242 δίκαια
196 207 384 252 μεταβλητιῖ,
415 207 496 250 παρά
526 223 555 251 γε
588 212 644 248 τοῖς
668 211 749 247 θεοῖς
775 206 883 250 ἀνάγκη
909 209 1014 241 δίκαιον
1038 208 1107 241 εἶναι
1129 206 1240 252 ἀμετά-

77 268 197 308 βλητον·
229 259 295 303 ὤςτε
319 263 392 296 eiius(
410 277 437 296 τι
462 261 582 304 φυσικὸν
618 263 735 296 δίκαιον.
767 264 810 296 νῧν
842 264 872 296 ὁὶ
903 262 951 296 καὶ
975 261 1041 306 παρ’
1067 261 1240 306 ἀνθρώποις,

80 323 134 359 τοῖς
158 334 185 352 τε
211 317 305 361 ὂρθῶς
328 318 377 352 καὶ
399 315 481 361 ὑγιῶς
506 317 638 360 ἔχουσιν,
672 318 732 352 ἔστι
765 319 870 352 δίκαιον
902 317 1049 362 ἆκίνητον,
1081 313 1096 352 ἓ
1121 318 1240 360 ψυσικόν

77 375 204 418 λέγεται·
234 375 260 407 εἰ
287 375 316 407 δὲ
349 377 407 414 τοῖς
438 375 552 407 νοσοῦσι
583 373 633 411 nh
658 375 758 415 φρένας
782 374 829 407 καὶ
855 376 1084 419 διεστραμμένοις
1109 373 1141 408 οὗ
1165 378 1246 408 δοκεῖ

78 431 194 469 δίκαιον,
218 428 296 463 οὖὸὲν
320 431 459 472 διαφέρει.

165 487 193 529 ξ.
218 486 249 518 4.
287 484 409 527 πάντας)
435 487 489 518 Sic
501 486 618 518 Zellius
638 492 671 518 et
692 487 896 526 Cardwellus,
922 487 1142 519 Wilkinsonus
1166 498 1242 519 vero

78 548 111 575 et
124 542 288 575 Bekkerus
310 540 394 581 τινάς,
418 542 542 584 utrique
564 542 682 574 nullam
699 553 716 574 e
733 543 895 574 codicibus
913 543 978 574 suis
995 543 1112 574 variam
1129 543 1242 575 lectio—

79 610 150 631 nem
175 603 342 637 notantesg
367 597 411 630 ita
434 603 479 636 ut,
504 598 563 629 etsi
588 598 714 630 codices
738 598 776 630 ab
801 598 948 630 omnibus
971 599 1132 640 inspectos
1149 603 1240 641 puta—

79 654 177 692 veris,
205 659 313 686 tamen
345 654 420 696 quid
445 652 490 685 Kb
515 654 641 694 legerit,
666 654 801 686 dubitari
826 654 939 696 possit.
986 655 1079 694 Puto,
1103 655 1241 687 editores

79 711 118 741 ad
141 710 227 742 hunc
249 710 353 742 locum
378 710 504 742 codices
529 709 620 741 nobis
645 711 860 752 inspiciendos
884 711 1058 753 reliquisse.
1105 711 1242 744 Michael

79 766 238 807 Ephesius
262 766 397 808 explieat
420 763 490 798 τινεί.
537 766 565 797 Ε
590 766 708 797 nostris
734 765 786 798 *A
809 767 884 808 legit
908 764 992 805 τινάς,
1015 768 1042 798 Β
1067 772 1099 799 et
1115 768 1142 799 C
1166 777 1242 798 vero

80 819 196 860 πάντας.
248 822 377 854 Habent
413 827 577 864 praeterea
613 819 720 861 πάντας
757 823 830 854 Eud
839 847 848 862 ,
881 824 967 861 Ven,
1003 823 1241 864 Paraphrastes,

79 877 305 920 ArgyropyluS,
331 878 468 917 Coraes3
493 882 525 909 et
546 878 636 910 aliter
651 878 711 920 legi
729 890 794 910 non
816 883 925 920 potest
939 883 1070 920 propter
1087 878 1241 920 ἐνδέχεται.

79 934 162 965 Nam
187 934 342 976 quosdam
366 930 553 976 ἆμῲιδεξίους
583 945 671 973 esse,
702 934 770 965 fieri
797 945 862 965 non
893 934 996 966 solum
1028 939 1153 976 potest,
1185 935 1242 966 sed

79 1001 187 1022 revera
209 990 262 1029 fit3
294 1001 353 1022 nec
376 995 462 1022 esset
485 990 546 1022 hoe
570 989 711 1022 naturale
735 989 904 1029 mutabile,
937 990 997 1021 nisi
1021 1001 1132 1023 omnes
1157 991 1241 1033 ejus-

80 1046 167 1077 modi
189 1046 256 1077 fieri
279 1051 423 1087 possent,
450 1051 487 1077 ut
510 1057 528 1078 a
551 1051 682 1077 naturae
705 1046 773 1087 lege
798 1046 995 1077 aberrarent:
1027 1058 1099 1077 nam
1123 1046 1150 1077 si
1173 1046 1242 1088 qui-

79 1102 214 1133 busdam
233 1106 358 1133 tantum
383 1102 524 1134 accidere
549 1102 580 1133 id
605 1106 727 1143 posset,
753 1106 838 1134 esset
862 1102 1018 1143 exceptio,
1044 1113 1124 1144 quae
1139 1102 1242 1144 legem

80 1163 210 1189 naturae
233 1169 297 1189 non
322 1157 529 1190 subverteret.
576 1155 690 1196 Πάντας
714 1159 888 1199 respondet
912 1159 1087 1200 scripturae
1107 1159 1134 1199 ξ.
1150 1169 1242 1199 prae-

80 1213 223 1247 cedentis
238 1210 347 1255 κινητὸν
362 1213 455 1256 μέντοι
476 1213 541 1246 πὲἴν.
591 1214 655 1246 Qui
671 1214 831 1256 vulgatam
849 1225 945 1255 supra
960 1215 1169 1253 retinuerunt,
1193 1214 1243 1246 his

80 1270 112 1302 id
135 1281 200 1301 non
224 1280 397 1301 succenseo
422 1270 507 1312 quod
524 1275 635 1301 nostro
652 1270 723 1301 loco
740 1267 815 1308 τινάς
838 1270 958 1312 legunt,
982 1281 1078 1312 quum
1096 1275 1243 1302 constare

81 1325 141 1358 sibi
162 1325 329 1358 voluerint.
375 1326 439 1357 Sed
463 1326 516 1368 qui
539 1326 602 1357 illie
628 1325 747 1357 bonam
770 1326 940 1358 lectionem
970 1337 988 1357 e
1018 1326 1180 1358 codicibus
1211 1328 1243 1358 in

80 1383 181 1414 lucem
205 1381 389 1422 protrahere
414 1382 534 1423 potuit,
564 1382 727 1424 quomodo
757 1382 818 1413 iste
848 1381 899 1413 hic
928 1382 1043 1413 malam
1065 1382 1242 1421 adsciverit,

81 1449 146 1471 non
170 1438 388 1479 intelligerem,
413 1438 472 1468 nisi
496 1438 527 1469 in
551 1443 717 1480 utramque
742 1449 816 1469 casu
840 1437 1014 1469 incidisset.

171 1494 199 1535 ξ.
224 1494 256 1526 5.
302 1490 339 1524 τοὶ
362 1490 402 1535 μὴ
427 1490 556 1534 φυσικοὶ)
594 1494 654 1525 Hie
675 1494 745 1535 ipse
769 1493 957 1526 Aristoteles
982 1494 1137 1534 declarat,
1168 1494 1243 1536 quid

81 1550 157 1582 velit
177 1549 320 1591 intelligi,
345 1561 416 1581 cum
441 1550 516 1581 dicit
533 1550 587 1592 jus
612 1550 770 1589 divinum3
795 1561 892 1592 quum
918 1550 1002 1581 enim
1026 1550 1163 1581 humana
1174 1551 1245 1592 jura

83 1606 147 1639 sint
168 1617 232 1637 non
258 1605 422 1644 naturalia,
447 1606 602 1637 naturalia
625 1606 767 1648 sequitur
783 1610 819 1637 ut
840 1606 904 1637 sint
920 1605 1035 1644 divina,
1058 1606 1182 1637 etiamsi
1206 1606 1244 1638 ab

83 1662 264 1693 hominibus
299 1662 425 1703 possint
462 1661 608 1703 perverti.
643 1682 678 1686 —
728 1658 792 1693 οὐδὲ
823 1660 964 1702 πολιτεία)
1001 1658 1065 1693 οὐδὲ
1098 1665 1243 1694 πολιτεῖαι

84 1719 181 1757 CCC,
206 1715 263 1757 Kb,
287 1716 342 1757 Ι),
372 1718 582 1757 Cardwcllus3
615 1714 675 1749 οὔὸ,
699 1717 729 1749 αἶ
755 1720 894 1750 ,τελιῖεΐὰι
918 1720 990 1758 Par,
1014 1719 1071 1758 11⁵⁴,
1096 1717 1159 1757 Blb,
1185 1717 1242 1756 Nb,

85 1773 143 1813 0¹¹,
169 1775 300 1814 Comes,
324 1774 498 1806 Bekkerus.
547 1774 629 1806 Cum
651 1785 692 1805 ne
716 1774 849 1806 civitatis
878 1774 1006 1817 quidem
1030 1779 1148 1813 status,
1178 1776 1197 1806 i.
1215 1788 1242 1807 e.

79 1832 132 1873 jus
161 1830 296 1862 maxime
328 1830 490 1868 divinum,
521 1831 605 1872 quod
635 1835 746 1862 natura
770 1841 826 1862 sua
848 1830 964 1873 ubique
987 1831 1070 1862 idem
1095 1842 1166 1863 esse
1189 1832 1244 1863 de-

84 1887 183 1925 beret,
212 1898 315 1918 rerum
339 1887 547 1918 humanarum
571 1887 764 1919 mutationes
801 1887 938 1929 effugere
969 1887 1090 1928 possit,
1122 1887 1189 1929 jam
1214 1893 1246 1919 et

84 1943 157 1974 inde
187 1948 335 1985 apparet,
371 1943 578 1974 Aristotelem
607 1940 716 1985 κινητὲν
746 1943 838 1986 μέντοι
872 1942 926 1974 πᾶν
961 1943 1144 1985 scripsisse:
1174 1944 1246 1985 jura

85 1999 180 2037 enim,
204 2009 284 2041 quae
307 1998 438 2030 minoris
463 1999 616 2031 momenti
641 2004 725 2039 sunt,
748 2000 848 2031 multo
873 2000 968 2030 ctiam
993 1999 1096 2030 minus
1123 1999 1247 2030 stabilia

86 2060 187 2087 erunt.
235 2054 329 2086 Ratio
354 2059 478 2096 autem,
510 2067 565 2088 cur
594 2056 677 2097 apud
708 2056 853 2087 homines
879 2061 910 2087 et
934 2055 1087 2086 naturalia
1112 2059 1144 2087 et
1167 2055 1244 2097 legi-

86 2111 163 2142 tima
188 2112 258 2153 jura
289 2115 467 2150 mutentur,
507 2111 682 2144 secundum
720 2112 908 2144 B'lichaelem
940 2111 1134 2153 Ephesium,
1169 2112 1246 2143 haec

40 2186 44 2190 -
87 2178 211 2209 quoque
235 2173 294 2206 est,
320 2168 404 2210 quod
428 2167 546 2200 utilitas
570 2179 635 2200 non
659 2173 768 2200 manet
791 2179 916 2210 semper
939 2167 1061 2206 eadem,
1086 2171 1122 2199 ut
1140 2177 1246 2199 exem-
