1439 2342
0 0 686 23 ᾗ

503 82 575 108 Libri
598 82 617 108 ι.
657 82 721 116 Cap.
745 81 815 108 x111.
1192 80 1239 116 73

83 201 100 220 a
124 189 268 220 rationali
300 189 436 230 separari
466 195 590 231 potest:
626 194 661 220 ut
686 190 743 230 (cf.
768 190 818 220 De
841 189 944 221 anima
969 189 1011 228 ll,
1035 190 1055 222 2
1079 196 1111 222 et
1134 190 1175 229 3)
1209 189 1236 221 τὲ

84 241 237 285 θρεπτικὸν
267 245 315 286 τῆς
346 244 442 285 ψυχῆς
474 245 504 276 in
535 245 651 286 plantis
681 256 699 276 a
722 245 834 276 ceteris
866 245 988 276 animae
1018 245 1175 287 partibus,
1207 247 1238 277 in

83 300 268 331 animalibus
293 296 325 330 τὸ
348 297 525 340 αἰσθητικόν
549 312 566 331 a
591 300 712 332 ratione
737 301 913 342 sejunctum
937 306 1050 332 exstat.
1091 302 1155 334 Sed
1179 302 1238 334 hoc

83 356 152 387 loco
169 356 208 386 (le
230 355 367 386 humana
390 355 546 397 loquimur
564 357 677 394 anima,
702 357 750 387 cui
774 357 854 387 ratio
878 361 938 394 est,
963 368 1033 398 qua,
1058 362 1093 388 ut
1116 369 1238 389 summa

82 410 204 442 animae
227 415 327 451 parte,
351 415 475 442 ceterae
500 411 594 442 etiarn
620 412 833 450 continentur,
858 423 937 453 quac
962 413 1088 453 quidem
1114 414 1152 445 ab
1169 414 1238 455 ipsa

82 465 217 508 separari
241 476 305 497 non
330 470 476 507 possunt,
501 466 617 508 quippe
642 478 713 498 cum
736 467 899 508 potentiae
915 467 1044 498 rationis
1061 468 1135 506 sint,
1160 481 1240 511 quae

82 526 132 554 est
161 532 267 553 earum
298 527 404 560 actus,
434 522 577 563 potentia
609 528 714 554 autem
746 534 818 554 esse
841 523 943 564 possit
971 523 1040 554 sine
1064 529 1152 562 actu,
1184 526 1239 556 sed

83 582 170 609 actus
194 578 374 609 necessario
402 579 578 619 potentiam
603 579 832 620 complectatur
863 584 895 610 et
919 579 1091 610 contineat.
1140 581 1240 611 Modo

81 634 202 665 dixerat
226 644 302 664 sane
325 633 368 674 τῷ
389 630 468 675 λόγῳ
492 631 557 665 δύος
580 634 713 666 Animae
737 640 843 676 partes
868 635 938 666 illae
956 635 1139 667 definitione
1165 642 1240 667 sunt

82 690 180 727 duae3
212 700 328 730 nempe
353 690 490 720 essentia
519 695 573 721 aut
597 696 708 722 natura
731 691 872 722 diversae
897 696 980 722 sunt.
1029 691 1092 722 Sed
1117 702 1150 723 re
1174 691 1240 723 sive

82 745 250 778 existentia
274 746 412 786 separari
436 756 500 776 non
525 751 670 787 possunt.
718 747 961 787 Paraphrastes:
992 744 1130 786 καθάπερ
1156 747 1181 778 ἐν
1204 748 1241 790 τῇ

83 800 245 842 περιφερείᾳ
279 798 311 832 τὸ
341 798 440 841 κυρτὸν
469 799 517 832 καὶ
548 798 580 832 τὸ
612 804 720 834 κεῖλον·
750 799 775 832 ’ἓν
805 801 853 843 μὲν
882 799 937 842 γάρ
967 801 1020 832 εἶσι
1051 801 1169 844 πρᾶγμα
1192 801 1239 833 καὶ

84 854 238 898 ιῖχαῖριστα
264 856 387 896 πέφυκε,
418 857 458 898 τῷ
483 853 628 899 ὃρισμῷ
655 857 686 888 ὁέ
711 857 904 897 διαφέρουσιν·
935 850 1021 895 ἄλλος
1045 854 1099 898 γαρ
1125 854 1239 898 Ξρισμές

85 913 131 954 τῆς
162 912 341 953 περιφερείας
371 910 450 945 καθὸ
472 912 585 954 κοίλης,
616 910 664 944 καὶ
688 906 774 951 ἄλλος
797 911 876 946 καθὸ
899 913 1012 954 κυρτῆς.
1059 914 1239 945 Secundum

83 969 215 1000 Zellium
238 969 293 1008 „in
311 969 423 1000 eodem
437 980 552 1010 genere
576 969 617 1010 τῷ
640 966 716 1010 λόγῳ
739 967 885 1009 χωριστόν
909 969 1081 1010 opponitur
1104 967 1137 1000 τὸ
1160 967 1240 1010 τόπῳ

83 1021 239 1065 χωριστόν,
262 1025 312 1056 Dc
337 1024 441 1055 anima
458 1025 494 1063 ΙΙ,
518 1026 573 1058 2.‘·'
609 1025 774 1057 Platonem
800 1026 934 1056 refutare
958 1025 1080 1056 videtur
1103 1026 1240 1056 voluisse

84 1081 272 1112 Aristoteles
302 1081 509 1112 collocantem
541 1081 662 1113 scilicet
690 1082 844 1113 rationem
873 1082 905 1112 in
935 1082 1054 1122 capite,
1086 1078 1180 1123 θυμόν
1210 1081 1241 1112 in

85 1133 215 1179 pectore
239 1141 271 1168 et
294 1136 470 1178 appetitum
494 1137 525 1167 in
549 1143 668 1168 ventre.

174 1193 202 1234 ξ.
229 1192 280 1224 11.
319 1191 368 1223 τοῦ
391 1185 545 1233 αὔξεσθαι)
571 1204 634 1224 om.
659 1193 825 1224 articulum
845 1194 917 1231 Par,
942 1193 1123 1232 Bekkerus3
1148 1190 1241 1233 αὐξά-

85 1252 185 1281 νεσθαι
208 1259 266 1289 pro
291 1240 434 1288 αὔξεσθαι
459 1248 520 1286 Η”,
544 1249 623 1286 Par,
647 1249 726 1286 Ald,
751 1249 836 1286 Ven,
861 1254 893 1280 et
915 1250 1152 1289 Paraphrastes.

174 1304 202 1345 ξ.
229 1304 280 1336 12.
328 1304 352 1334 ἐν
376 1306 433 1341 ταῖς
457 1298 565 1342 ὕπνεις)
597 1304 680 1336 Inter
702 1304 895 1345 vigilandum
926 1305 1100 1346 cogitamus
1129 1310 1162 1336 et
1193 1316 1241 1336 ra-

86 1360 172 1392 tione
195 1360 327 1399 utimur3
357 1360 388 1390 in
413 1360 544 1391 somniis
577 1361 616 1391 ad
640 1361 797 1392 naturales
827 1361 1008 1398 facultates,
1042 1361 1080 1391 ad
1111 1372 1240 1392 sensum

86 1422 118 1448 et
142 1427 222 1458 quae
253 1427 324 1447 cum
355 1415 500 1448 sensibus
531 1416 719 1455 cohaerent,
752 1417 819 1447 sola
847 1427 1041 1447 revocamur.
1088 1417 1159 1447 Vita
1187 1428 1243 1457 per

87 1483 235 1504 somnum
259 1477 308 1503 est
330 1473 484 1513 potentia,
509 1473 597 1514 cujus
622 1478 725 1504 actum
751 1472 878 1504 exhibet
900 1473 965 1503 vita
989 1472 1154 1513 vigilantis·
1195 1473 1243 1503 Cf.

86 1529 137 1560 De
161 1539 275 1560 somno
299 1533 332 1560 et
353 1528 459 1570 vigilia.
475 1540 501 1560 c.
521 1529 558 1560 1:
583 1526 615 1559 70x
641 1528 671 1559 δὲ
696 1526 772 1568 ἔργον
797 1524 829 1558 τό
854 1524 943 1558 αὑτοῦ
965 1530 1045 1559 ποιεῖ’
1063 1525 1096 1558 τὸ
1117 1532 1244 1568 θρεπτι-

86 1582 133 1615 κᾶν
157 1581 253 1625 μόριον
284 1584 309 1615 ἐν
332 1584 374 1625 τῷ
397 1581 546 1616 καθεύδειν
569 1584 694 1626 μᾶλλον,
726 1579 743 1624 ἦ
768 1584 792 1614 ἐν
816 1584 857 1624 τῷ
890 1583 1077 1624 ἐγρηγορέναι·
1108 1583 1245 1622 τρέφεται

89 1638 142 1682 γάρ
167 1637 215 1670 καὶ
239 1636 389 1680 αὐξάνεται
414 1637 478 1671 τότε
502 1640 622 1681 μᾶλλον.
672 1640 882 1671 Cardwellus:
907 1640 1017 1677 „Haec
1041 1639 1117 1670 citat
1136 1639 1245 1670 Mure-

88 1701 154 1735 tus3
184 1706 249 1726 non
278 1700 384 1727 autem
407 1696 439 1726 id
471 1696 563 1727 simul
587 1695 738 1737 explicat,
770 1695 854 1726 unde
878 1695 931 1733 fit,
962 1700 998 1726 ut
1017 1695 1246 1726 dormientibus

89 1752 186 1793 magis
211 1763 304 1793 quam
328 1751 530 1792 vigilantibus
554 1752 630 1783 insit
652 1752 731 1782 haec
753 1751 800 1782 vis
825 1756 856 1782 et
880 1756 1070 1782 exerceatur.
1119 1751 1153 1782 Si
1177 1752 1245 1792 quis

88 1808 173 1840 enim
197 1807 370 1846 recumbit,
401 1808 548 1849 deposito
573 1807 714 1849 corporis
737 1807 895 1848 pondere,
924 1807 1069 1838 resiliunt
1092 1807 1245 1848 quodam-

90 1864 185 1895 modo
216 1863 368 1902 musculi,
401 1863 513 1905 quibus
544 1864 730 1905 colligantur
761 1874 852 1901 ossa,
888 1868 921 1894 et
956 1868 1126 1904 propterea
1154 1874 1247 1894 mane

88 1919 249 1962 procerior
271 1925 322 1951 est
345 1931 438 1961 quam
461 1920 620 1960 vesperi.“
647 1938 684 1943 —
718 1916 865 1959 διάδηλοι)
899 1915 1034 1959 διάδηλος,
1057 1920 1135 1957 Par,
1166 1920 1246 1957 Ven,

89 1976 169 2014 Ald3
194 1975 374 2007 Eustratius
399 1975 493 2016 ὁῆλες.
531 1976 638 2007 Virtus
662 1986 727 2006 non
740 1986 797 2016 per
813 1985 970 2012 somnum,
994 1975 1050 2005 sed
1073 1974 1155 2005 inter
1170 1974 1247 2015 vigi—

90 2031 217 2063 landum
234 2031 468 2063 manifestatur:
493 2031 680 2072 perspicitur
695 2031 778 2062 enim
796 2042 835 2062 ex
851 2031 1052 2071 operatione3
1070 2041 1129 2060 nec
1145 2029 1247 2060 bonus

91 2091 156 2126 est,
181 2087 234 2128 qui
264 2087 405 2118 actiones
429 2086 552 2118 virtutis
577 2087 774 2118 committere
804 2091 928 2128 potest,
959 2086 1015 2116 sed
1041 2086 1093 2126 qui
1122 2090 1247 2116 exercet

91 2153 212 2184 reapse.
260 2143 346 2174 Satis
369 2142 476 2184 inepte
500 2142 616 2174 Zellius
640 2154 678 2174 ex
702 2140 834 2184 διάδηλοι
864 2141 993 2174 verbum
1016 2141 1247 2173 intransitivum

93 2199 229 2239 ὁίαὸηλεῖ
250 2199 404 2230 conficere
429 2198 528 2230 voluit
553 2199 635 2239 (vide
658 2199 727 2230 infr.
753 2198 791 2230 ad
815 2198 859 2236 ll,
885 2210 911 2229 c.
936 2197 975 2235 9,
1000 2197 1028 2237 ξ.
1053 2195 1098 2236 9).
