<?xml version="1.0" encoding="UTF-8"?>
<!DOCTYPE html PUBLIC "-//W3C//DTD XHTML 1.0 Transitional//EN"
    "http://www.w3.org/TR/xhtml1/DTD/xhtml1-transitional.dtd">
<html xmlns="http://www.w3.org/1999/xhtml" xml:lang="en" lang="en">
 <head>
  <title>
</title>
<meta http-equiv="Content-Type" content="text/html;charset=utf-8" />
  <meta name='ocr-system' content='tesseract 3.04.00' />
  <meta name='ocr-capabilities' content='ocr_page ocr_carea ocr_par ocr_line ocrx_word'/>
</head>
<body>
  <div class='ocr_page' id='page_1' title='image "./ethicorumnicomac02arisuoft_0015.png"; bbox 0 0 1444 2322; ppageno 0'>
   <div class='ocr_carea' id='block_1_1' title="bbox 586 46 1289 82">
    <p class='ocr_par' dir='ltr' id='par_1_1' title="bbox 586 46 1289 82">
     <span class='ocr_line' id='line_1_1' title="bbox 586 46 1289 82; baseline -0.004 -8"><span class='ocrx_word' id='word_1_1' title='bbox 586 48 711 74; x_wconf 73' lang='lat' dir='ltr'>editionis</span> <span class='ocrx_word' id='word_1_2' title='bbox 734 48 837 82; x_wconf 79' lang='lat' dir='ltr'><strong>prioris.</strong></span> <span class='ocrx_word' id='word_1_3' title='bbox 1254 46 1289 71; x_wconf 68' lang='lat' dir='ltr'><strong>X!</strong></span> 
     </span>
    </p>
   </div>
   <div class='ocr_carea' id='block_1_2' title="bbox 130 144 1297 2034">
    <p class='ocr_par' dir='ltr' id='par_1_2' title="bbox 130 144 1288 312">
     <span class='ocr_line' id='line_1_2' title="bbox 131 144 1287 194; baseline -0.007 -11"><span class='ocrx_word' id='word_1_4' title='bbox 131 161 210 194; x_wconf 91' lang='lat' dir='ltr'><strong>quos</strong></span> <span class='ocrx_word' id='word_1_5' title='bbox 234 149 462 192; x_wconf 83' lang='lat' dir='ltr'><strong>parentheseos</strong></span> <span class='ocrx_word' id='word_1_6' title='bbox 487 148 584 189; x_wconf 87' lang='lat' dir='ltr'><strong>signis</strong></span> <span class='ocrx_word' id='word_1_7' title='bbox 613 148 753 180; x_wconf 81' lang='lat' dir='ltr'><strong>inclusos</strong></span> <span class='ocrx_word' id='word_1_8' title='bbox 788 145 944 188; x_wconf 84' lang='lat' dir='ltr'><strong>prioribus</strong></span> <span class='ocrx_word' id='word_1_9' title='bbox 976 144 1113 177; x_wconf 84' lang='lat' dir='ltr'><strong>numeris</strong></span> <span class='ocrx_word' id='word_1_10' title='bbox 1143 156 1287 177; x_wconf 90' lang='lat' dir='ltr'><strong>nonnun-</strong></span> 
     </span>
     <span class='ocr_line' id='line_1_3' title="bbox 130 207 1286 255; baseline -0.006 -10"><span class='ocrx_word' id='word_1_11' title='bbox 130 223 225 255; x_wconf 83' lang='lat' dir='ltr'>quam</span> <span class='ocrx_word' id='word_1_12' title='bbox 249 211 434 253; x_wconf 82' lang='lat' dir='ltr'><strong>adjecimus,</strong></span> <span class='ocrx_word' id='word_1_13' title='bbox 457 209 484 241; x_wconf 88' lang='lat' dir='ltr'><strong>si</strong></span> <span class='ocrx_word' id='word_1_14' title='bbox 507 209 596 240; x_wconf 89' lang='lat' dir='ltr'><strong>locus</strong></span> <span class='ocrx_word' id='word_1_15' title='bbox 620 214 670 241; x_wconf 85' lang='lat' dir='ltr'><strong>est</strong></span> <span class='ocrx_word' id='word_1_16' title='bbox 692 220 731 240; x_wconf 82' lang='lat' dir='ltr'><strong>ex</strong></span> <span class='ocrx_word' id='word_1_17' title='bbox 756 209 898 249; x_wconf 82' lang='lat' dir='ltr'><strong>Organo,</strong></span> <span class='ocrx_word' id='word_1_18' title='bbox 922 207 1100 239; x_wconf 81' lang='lat' dir='ltr'><strong>Rhetoricis</strong></span> <span class='ocrx_word' id='word_1_19' title='bbox 1125 212 1157 238; x_wconf 88' lang='lat' dir='ltr'><strong>et</strong></span> <span class='ocrx_word' id='word_1_20' title='bbox 1180 207 1286 239; x_wconf 78' lang='lat' dir='ltr'><strong>Poeti—</strong></span> 
     </span>
     <span class='ocr_line' id='line_1_4' title="bbox 131 269 1288 312; baseline -0.005 -6"><span class='ocrx_word' id='word_1_21' title='bbox 131 274 187 312; x_wconf 87' lang='lat' dir='ltr'><strong>cis,</strong></span> <span class='ocrx_word' id='word_1_22' title='bbox 211 272 398 306; x_wconf 77' lang='lat' dir='ltr'><strong>Buhlianam</strong></span> <span class='ocrx_word' id='word_1_23' title='bbox 421 270 594 302; x_wconf 86' lang='lat' dir='ltr'><strong>editionem</strong></span> <span class='ocrx_word' id='word_1_24' title='bbox 615 269 766 308; x_wconf 82' lang='lat' dir='ltr'><strong>indicant,</strong></span> <span class='ocrx_word' id='word_1_25' title='bbox 790 270 816 300; x_wconf 92' lang='lat' dir='ltr'><strong>si</strong></span> <span class='ocrx_word' id='word_1_26' title='bbox 840 280 878 301; x_wconf 82' lang='lat' dir='ltr'><strong>ex</strong></span> <span class='ocrx_word' id='word_1_27' title='bbox 895 269 1045 307; x_wconf 90' lang='lat' dir='ltr'><strong>Politicis,</strong></span> <span class='ocrx_word' id='word_1_28' title='bbox 1074 269 1288 300; x_wconf 82' lang='lat' dir='ltr'><strong>Heinsianam.</strong></span> 
     </span>
    </p>

    <p class='ocr_par' dir='ltr' id='par_1_3' title="bbox 130 330 1291 619">
     <span class='ocr_line' id='line_1_5' title="bbox 221 330 1288 374; baseline -0.004 -9"><span class='ocrx_word' id='word_1_29' title='bbox 221 334 305 366; x_wconf 87' lang='lat' dir='ltr'><strong>Cum</strong></span> <span class='ocrx_word' id='word_1_30' title='bbox 328 332 415 374; x_wconf 83' lang='lat' dir='ltr'><strong>prius</strong></span> <span class='ocrx_word' id='word_1_31' title='bbox 438 331 586 363; x_wconf 90' lang='lat' dir='ltr'><strong>volumen</strong></span> <span class='ocrx_word' id='word_1_32' title='bbox 611 335 731 362; x_wconf 85' lang='lat' dir='ltr'><strong>textum</strong></span> <span class='ocrx_word' id='word_1_33' title='bbox 756 330 924 362; x_wconf 85' lang='lat' dir='ltr'><strong>continens</strong></span> <span class='ocrx_word' id='word_1_34' title='bbox 942 330 1008 372; x_wconf 79' lang='lat' dir='ltr'><strong>jam</strong></span> <span class='ocrx_word' id='word_1_35' title='bbox 1027 330 1174 362; x_wconf 69' lang='lat' dir='ltr'><strong>antelios</strong></span> <span class='ocrx_word' id='word_1_36' title='bbox 1198 330 1288 372; x_wconf 82' lang='lat' dir='ltr'><strong>quin-</strong></span> 
     </span>
     <span class='ocr_line' id='line_1_6' title="bbox 130 391 1291 438; baseline -0.004 -11"><span class='ocrx_word' id='word_1_37' title='bbox 130 406 192 438; x_wconf 91' lang='lat' dir='ltr'><strong>que</strong></span> <span class='ocrx_word' id='word_1_38' title='bbox 216 405 319 426; x_wconf 81' lang='lat' dir='ltr'><strong>annos</strong></span> <span class='ocrx_word' id='word_1_39' title='bbox 341 392 505 435; x_wconf 86' lang='lat' dir='ltr'><strong>prodierit,</strong></span> <span class='ocrx_word' id='word_1_40' title='bbox 528 398 561 424; x_wconf 87' lang='lat' dir='ltr'><strong>et</strong></span> <span class='ocrx_word' id='word_1_41' title='bbox 585 403 665 433; x_wconf 84' lang='lat' dir='ltr'><strong>quae</strong></span> <span class='ocrx_word' id='word_1_42' title='bbox 689 392 756 433; x_wconf 88' lang='lat' dir='ltr'><strong>ejus</strong></span> <span class='ocrx_word' id='word_1_43' title='bbox 782 391 970 433; x_wconf 87' lang='lat' dir='ltr'><strong>exemplaria</strong></span> <span class='ocrx_word' id='word_1_44' title='bbox 995 402 1051 432; x_wconf 90' lang='lat' dir='ltr'><strong>per</strong></span> <span class='ocrx_word' id='word_1_45' title='bbox 1074 392 1134 423; x_wconf 91' lang='lat' dir='ltr'><strong>hoc</strong></span> <span class='ocrx_word' id='word_1_46' title='bbox 1164 398 1291 433; x_wconf 85' lang='lat' dir='ltr'><strong>tempus</strong></span> 
     </span>
     <span class='ocr_line' id='line_1_7' title="bbox 131 452 1290 494; baseline -0.004 -6"><span class='ocrx_word' id='word_1_47' title='bbox 131 456 274 488; x_wconf 91' lang='lat' dir='ltr'><strong>nondum</strong></span> <span class='ocrx_word' id='word_1_48' title='bbox 298 454 460 487; x_wconf 87' lang='lat' dir='ltr'><strong>divendita</strong></span> <span class='ocrx_word' id='word_1_49' title='bbox 483 453 608 491; x_wconf 81' lang='lat' dir='ltr'><strong>fuerint,</strong></span> <span class='ocrx_word' id='word_1_50' title='bbox 633 453 674 484; x_wconf 80' lang='lat' dir='ltr'><strong>ad</strong></span> <span class='ocrx_word' id='word_1_51' title='bbox 702 453 926 494; x_wconf 85' lang='lat' dir='ltr'><strong>aequalitatem</strong></span> <span class='ocrx_word' id='word_1_52' title='bbox 956 452 1112 493; x_wconf 87' lang='lat' dir='ltr'><strong>quandam</strong></span> <span class='ocrx_word' id='word_1_53' title='bbox 1135 464 1205 484; x_wconf 90' lang='lat' dir='ltr'><strong>cum</strong></span> <span class='ocrx_word' id='word_1_54' title='bbox 1230 454 1290 483; x_wconf 77' lang='lat' dir='ltr'><strong>hoc</strong></span> 
     </span>
     <span class='ocr_line' id='line_1_8' title="bbox 131 514 1289 557; baseline -0.005 -7"><span class='ocrx_word' id='word_1_55' title='bbox 131 518 230 550; x_wconf 77' lang='lat' dir='ltr'><strong>altero</strong></span> <span class='ocrx_word' id='word_1_56' title='bbox 253 515 413 548; x_wconf 87' lang='lat' dir='ltr'><strong>volumine</strong></span> <span class='ocrx_word' id='word_1_57' title='bbox 437 515 610 557; x_wconf 81' lang='lat' dir='ltr'><strong>bibliopola</strong></span> <span class='ocrx_word' id='word_1_58' title='bbox 629 514 763 546; x_wconf 84' lang='lat' dir='ltr'><strong>voluerit</strong></span> <span class='ocrx_word' id='word_1_59' title='bbox 786 514 946 552; x_wconf 84' lang='lat' dir='ltr'>reducere,</span> <span class='ocrx_word' id='word_1_60' title='bbox 972 524 1089 545; x_wconf 85' lang='lat' dir='ltr'><strong>novum</strong></span> <span class='ocrx_word' id='word_1_61' title='bbox 1113 525 1196 545; x_wconf 87' lang='lat' dir='ltr'><strong>anno</strong></span> <span class='ocrx_word' id='word_1_62' title='bbox 1221 525 1289 545; x_wconf 89' lang='lat' dir='ltr'><strong>mu-</strong></span> 
     </span>
     <span class='ocr_line' id='line_1_9' title="bbox 134 575 1100 619; baseline -0.005 -8"><span class='ocrx_word' id='word_1_63' title='bbox 134 584 200 611; x_wconf 86' lang='lat' dir='ltr'><strong>tato</strong></span> <span class='ocrx_word' id='word_1_64' title='bbox 224 578 350 610; x_wconf 85' lang='lat' dir='ltr'><strong>titulum</strong></span> <span class='ocrx_word' id='word_1_65' title='bbox 374 577 471 619; x_wconf 88' lang='lat' dir='ltr'><strong>priori</strong></span> <span class='ocrx_word' id='word_1_66' title='bbox 494 576 646 608; x_wconf 90' lang='lat' dir='ltr'><strong>volumini</strong></span> <span class='ocrx_word' id='word_1_67' title='bbox 669 581 703 608; x_wconf 91' lang='lat' dir='ltr'><strong>ut</strong></span> <span class='ocrx_word' id='word_1_68' title='bbox 727 576 944 617; x_wconf 86' lang='lat' dir='ltr'><strong>praefigerem,</strong></span> <span class='ocrx_word' id='word_1_69' title='bbox 970 575 1100 617; x_wconf 85' lang='lat' dir='ltr'><strong>rogavit.</strong></span> 
     </span>
    </p>

    <p class='ocr_par' dir='ltr' id='par_1_4' title="bbox 132 636 1297 2034">
     <span class='ocr_line' id='line_1_10' title="bbox 223 636 1290 678; baseline -0.006 -6"><span class='ocrx_word' id='word_1_70' title='bbox 223 641 374 673; x_wconf 84' lang='lat' dir='ltr'><strong>Ceterum</strong></span> <span class='ocrx_word' id='word_1_71' title='bbox 398 640 498 670; x_wconf 90' lang='lat' dir='ltr'><strong>lector</strong></span> <span class='ocrx_word' id='word_1_72' title='bbox 523 639 549 670; x_wconf 92' lang='lat' dir='ltr'><strong>si</strong></span> <span class='ocrx_word' id='word_1_73' title='bbox 573 639 730 670; x_wconf 85' lang='lat' dir='ltr'><strong>rationem</strong></span> <span class='ocrx_word' id='word_1_74' title='bbox 754 637 922 676; x_wconf 78' lang='lat' dir='ltr'><strong>desiderat,</strong></span> <span class='ocrx_word' id='word_1_75' title='bbox 948 648 1008 678; x_wconf 88' lang='lat' dir='ltr'><strong>qua</strong></span> <span class='ocrx_word' id='word_1_76' title='bbox 1037 637 1068 667; x_wconf 86' lang='lat' dir='ltr'><strong>in</strong></span> <span class='ocrx_word' id='word_1_77' title='bbox 1093 642 1202 667; x_wconf 84' lang='lat' dir='ltr'><strong>nostra</strong></span> <span class='ocrx_word' id='word_1_78' title='bbox 1224 636 1290 667; x_wconf 36' lang='lat' dir='ltr'><strong>edi*</strong></span> 
     </span>
     <span class='ocr_line' id='line_1_11' title="bbox 134 697 1291 740; baseline -0.005 -6"><span class='ocrx_word' id='word_1_79' title='bbox 134 704 219 734; x_wconf 84' lang='lat' dir='ltr'><strong>tione</strong></span> <span class='ocrx_word' id='word_1_80' title='bbox 243 701 426 734; x_wconf 85' lang='lat' dir='ltr'><strong>adornanda</strong></span> <span class='ocrx_word' id='word_1_81' title='bbox 449 701 498 732; x_wconf 89' lang='lat' dir='ltr'><strong>usi</strong></span> <span class='ocrx_word' id='word_1_82' title='bbox 522 700 631 738; x_wconf 81' lang='lat' dir='ltr'><strong>simus,</strong></span> <span class='ocrx_word' id='word_1_83' title='bbox 656 700 749 732; x_wconf 88' lang='lat' dir='ltr'><strong>nullis</strong></span> <span class='ocrx_word' id='word_1_84' title='bbox 780 699 964 740; x_wconf 84' lang='lat' dir='ltr'><strong>ambagibus</strong></span> <span class='ocrx_word' id='word_1_85' title='bbox 997 709 1069 730; x_wconf 89' lang='lat' dir='ltr'><strong>eum</strong></span> <span class='ocrx_word' id='word_1_86' title='bbox 1101 698 1140 729; x_wconf 82' lang='lat' dir='ltr'><strong>ad</strong></span> <span class='ocrx_word' id='word_1_87' title='bbox 1170 697 1291 738; x_wconf 80' lang='lat' dir='ltr'><strong>praefa-</strong></span> 
     </span>
     <span class='ocr_line' id='line_1_12' title="bbox 133 758 1293 804; baseline -0.006 -8"><span class='ocrx_word' id='word_1_88' title='bbox 133 764 252 796; x_wconf 85' lang='lat' dir='ltr'><strong>tionem</strong></span> <span class='ocrx_word' id='word_1_89' title='bbox 276 763 389 804; x_wconf 88' lang='lat' dir='ltr'><strong>prioris</strong></span> <span class='ocrx_word' id='word_1_90' title='bbox 413 762 582 793; x_wconf 89' lang='lat' dir='ltr'><strong>voluminis</strong></span> <span class='ocrx_word' id='word_1_91' title='bbox 599 761 737 799; x_wconf 88' lang='lat' dir='ltr'><strong>remitto,</strong></span> <span class='ocrx_word' id='word_1_92' title='bbox 762 760 815 792; x_wconf 90' lang='lat' dir='ltr'><strong>ubi</strong></span> <span class='ocrx_word' id='word_1_93' title='bbox 840 760 927 792; x_wconf 89' lang='lat' dir='ltr'><strong>brevi</strong></span> <span class='ocrx_word' id='word_1_94' title='bbox 948 759 1124 801; x_wconf 85' lang='lat' dir='ltr'><strong>expositam</strong></span> <span class='ocrx_word' id='word_1_95' title='bbox 1144 758 1293 791; x_wconf 86' lang='lat' dir='ltr'><strong>inveniet.</strong></span> 
     </span>
     <span class='ocr_line' id='line_1_13' title="bbox 135 821 1294 864; baseline -0.005 -7"><span class='ocrx_word' id='word_1_96' title='bbox 135 824 363 857; x_wconf 84' lang='lat' dir='ltr'><strong>Commentarii</strong></span> <span class='ocrx_word' id='word_1_97' title='bbox 387 824 517 854; x_wconf 90' lang='lat' dir='ltr'><strong>modum</strong></span> <span class='ocrx_word' id='word_1_98' title='bbox 542 828 574 854; x_wconf 91' lang='lat' dir='ltr'><strong>et</strong></span> <span class='ocrx_word' id='word_1_99' title='bbox 598 822 753 854; x_wconf 82' lang='lat' dir='ltr'><strong>rationem</strong></span> <span class='ocrx_word' id='word_1_100' title='bbox 782 822 1014 864; x_wconf 87' lang='lat' dir='ltr'><strong>significaturus</strong></span> <span class='ocrx_word' id='word_1_101' title='bbox 1039 821 1115 852; x_wconf 91' lang='lat' dir='ltr'><strong>illud</strong></span> <span class='ocrx_word' id='word_1_102' title='bbox 1138 821 1200 852; x_wconf 90' lang='lat' dir='ltr'><strong>hoc</strong></span> <span class='ocrx_word' id='word_1_103' title='bbox 1222 821 1294 851; x_wconf 90' lang='lat' dir='ltr'><strong>loco</strong></span> 
     </span>
     <span class='ocr_line' id='line_1_14' title="bbox 132 883 1294 926; baseline -0.006 -7"><span class='ocrx_word' id='word_1_104' title='bbox 132 887 226 924; x_wconf 83' lang='lat' dir='ltr'><strong>addo,</strong></span> <span class='ocrx_word' id='word_1_105' title='bbox 250 897 300 918; x_wconf 87' lang='lat' dir='ltr'><strong>me</strong></span> <span class='ocrx_word' id='word_1_106' title='bbox 323 887 532 926; x_wconf 77' lang='lat' dir='ltr'><strong>interpretum</strong></span> <span class='ocrx_word' id='word_1_107' title='bbox 557 889 588 916; x_wconf 86' lang='lat' dir='ltr'><strong>et</strong></span> <span class='ocrx_word' id='word_1_108' title='bbox 611 889 809 916; x_wconf 85' lang='lat' dir='ltr'><strong>vetustorum</strong></span> <span class='ocrx_word' id='word_1_109' title='bbox 834 889 866 915; x_wconf 88' lang='lat' dir='ltr'><strong>et</strong></span> <span class='ocrx_word' id='word_1_110' title='bbox 882 883 1056 915; x_wconf 88' lang='lat' dir='ltr'><strong>recentium</strong></span> <span class='ocrx_word' id='word_1_111' title='bbox 1074 883 1294 914; x_wconf 85' lang='lat' dir='ltr'><strong>auctoritatem</strong></span> 
     </span>
     <span class='ocr_line' id='line_1_15' title="bbox 133 943 1293 987; baseline -0.005 -7"><span class='ocrx_word' id='word_1_112' title='bbox 133 959 256 980; x_wconf 86' lang='lat' dir='ltr'><strong>summa</strong></span> <span class='ocrx_word' id='word_1_113' title='bbox 280 958 351 979; x_wconf 88' lang='lat' dir='ltr'><strong>cum</strong></span> <span class='ocrx_word' id='word_1_114' title='bbox 377 947 536 987; x_wconf 79' lang='lat' dir='ltr'><strong>diligentia</strong></span> <span class='ocrx_word' id='word_1_115' title='bbox 560 946 749 987; x_wconf 86' lang='lat' dir='ltr'><strong>respexisse,</strong></span> <span class='ocrx_word' id='word_1_116' title='bbox 775 950 807 977; x_wconf 86' lang='lat' dir='ltr'><strong>et</strong></span> <span class='ocrx_word' id='word_1_117' title='bbox 832 945 1012 985; x_wconf 84' lang='lat' dir='ltr'><strong>exemplum</strong></span> <span class='ocrx_word' id='word_1_118' title='bbox 1034 944 1127 975; x_wconf 87' lang='lat' dir='ltr'><strong>edere</strong></span> <span class='ocrx_word' id='word_1_119' title='bbox 1146 943 1293 975; x_wconf 80' lang='lat' dir='ltr'><strong>voluisse.</strong></span> 
     </span>
     <span class='ocr_line' id='line_1_16' title="bbox 134 1004 1294 1052; baseline -0.005 -11"><span class='ocrx_word' id='word_1_120' title='bbox 134 1010 295 1052; x_wconf 91' lang='lat' dir='ltr'><strong>quomodo</strong></span> <span class='ocrx_word' id='word_1_121' title='bbox 321 1020 338 1039; x_wconf 77' lang='lat' dir='ltr'><strong>a</strong></span> <span class='ocrx_word' id='word_1_122' title='bbox 362 1008 553 1049; x_wconf 88' lang='lat' dir='ltr'><strong>philosopho</strong></span> <span class='ocrx_word' id='word_1_123' title='bbox 575 1007 757 1049; x_wconf 88' lang='lat' dir='ltr'><strong>philosophi</strong></span> <span class='ocrx_word' id='word_1_124' title='bbox 775 1006 951 1038; x_wconf 87' lang='lat' dir='ltr'><strong>sententiae</strong></span> <span class='ocrx_word' id='word_1_125' title='bbox 972 1005 1109 1037; x_wconf 88' lang='lat' dir='ltr'><strong>debeant</strong></span> <span class='ocrx_word' id='word_1_126' title='bbox 1136 1004 1294 1042; x_wconf 85' lang='lat' dir='ltr'><strong>illustrari,</strong></span> 
     </span>
     <span class='ocr_line' id='line_1_17' title="bbox 135 1065 1295 1110; baseline -0.005 -7"><span class='ocrx_word' id='word_1_127' title='bbox 135 1082 205 1103; x_wconf 91' lang='lat' dir='ltr'><strong>cum</strong></span> <span class='ocrx_word' id='word_1_128' title='bbox 237 1082 255 1102; x_wconf 76' lang='lat' dir='ltr'><strong>a</strong></span> <span class='ocrx_word' id='word_1_129' title='bbox 285 1071 354 1102; x_wconf 88' lang='lat' dir='ltr'><strong>solo</strong></span> <span class='ocrx_word' id='word_1_130' title='bbox 383 1069 576 1110; x_wconf 90' lang='lat' dir='ltr'><strong>philosopho</strong></span> <span class='ocrx_word' id='word_1_131' title='bbox 609 1068 818 1109; x_wconf 88' lang='lat' dir='ltr'><strong>philosophus</strong></span> <span class='ocrx_word' id='word_1_132' title='bbox 856 1067 959 1109; x_wconf 88' lang='lat' dir='ltr'><strong>possit</strong></span> <span class='ocrx_word' id='word_1_133' title='bbox 989 1067 1116 1108; x_wconf 91' lang='lat' dir='ltr'><strong>penitus</strong></span> <span class='ocrx_word' id='word_1_134' title='bbox 1154 1065 1295 1107; x_wconf 82' lang='lat' dir='ltr'><strong>intelligi.</strong></span> 
     </span>
     <span class='ocr_line' id='line_1_18' title="bbox 134 1127 1295 1172; baseline -0.005 -8"><span class='ocrx_word' id='word_1_135' title='bbox 134 1133 358 1164; x_wconf 88' lang='lat' dir='ltr'><strong>Recentiorum</strong></span> <span class='ocrx_word' id='word_1_136' title='bbox 386 1136 567 1172; x_wconf 84' lang='lat' dir='ltr'><strong>temporum</strong></span> <span class='ocrx_word' id='word_1_137' title='bbox 594 1130 734 1172; x_wconf 89' lang='lat' dir='ltr'><strong>plerique</strong></span> <span class='ocrx_word' id='word_1_138' title='bbox 765 1131 970 1171; x_wconf 80' lang='lat' dir='ltr'><strong>interpretes,</strong></span> <span class='ocrx_word' id='word_1_139' title='bbox 1008 1127 1159 1169; x_wconf 87' lang='lat' dir='ltr'><strong>philologi</strong></span> <span class='ocrx_word' id='word_1_140' title='bbox 1194 1127 1295 1168; x_wconf 86' lang='lat' dir='ltr'><strong>magis</strong></span> 
     </span>
     <span class='ocr_line' id='line_1_19' title="bbox 136 1189 1295 1236; baseline -0.006 -10"><span class='ocrx_word' id='word_1_141' title='bbox 136 1205 228 1236; x_wconf 87' lang='lat' dir='ltr'><strong>quam</strong></span> <span class='ocrx_word' id='word_1_142' title='bbox 253 1193 452 1235; x_wconf 87' lang='lat' dir='ltr'><strong>philosophi,</strong></span> <span class='ocrx_word' id='word_1_143' title='bbox 489 1203 527 1223; x_wconf 88' lang='lat' dir='ltr'><strong>ex</strong></span> <span class='ocrx_word' id='word_1_144' title='bbox 553 1191 619 1223; x_wconf 86' lang='lat' dir='ltr'><strong>aliis</strong></span> <span class='ocrx_word' id='word_1_145' title='bbox 644 1191 733 1232; x_wconf 89' lang='lat' dir='ltr'><strong>quasi</strong></span> <span class='ocrx_word' id='word_1_146' title='bbox 766 1190 876 1222; x_wconf 88' lang='lat' dir='ltr'><strong>eastris</strong></span> <span class='ocrx_word' id='word_1_147' title='bbox 902 1191 941 1221; x_wconf 85' lang='lat' dir='ltr'><strong>ad</strong></span> <span class='ocrx_word' id='word_1_148' title='bbox 964 1189 1170 1221; x_wconf 82' lang='lat' dir='ltr'><strong>Aristotelem</strong></span> <span class='ocrx_word' id='word_1_149' title='bbox 1195 1189 1295 1229; x_wconf 85' lang='lat' dir='ltr'><strong>expli·</strong></span> 
     </span>
     <span class='ocr_line' id='line_1_20' title="bbox 135 1250 1295 1294; baseline -0.005 -7"><span class='ocrx_word' id='word_1_150' title='bbox 135 1256 271 1287; x_wconf 88' lang='lat' dir='ltr'><strong>candum</strong></span> <span class='ocrx_word' id='word_1_151' title='bbox 297 1260 507 1286; x_wconf 84' lang='lat' dir='ltr'><strong>accesserunt.</strong></span> <span class='ocrx_word' id='word_1_152' title='bbox 554 1253 604 1284; x_wconf 83' lang='lat' dir='ltr'><strong>Ex</strong></span> <span class='ocrx_word' id='word_1_153' title='bbox 628 1263 689 1294; x_wconf 91' lang='lat' dir='ltr'><strong>quo</strong></span> <span class='ocrx_word' id='word_1_154' title='bbox 715 1253 831 1283; x_wconf 83' lang='lat' dir='ltr'><strong>factum</strong></span> <span class='ocrx_word' id='word_1_155' title='bbox 856 1257 915 1288; x_wconf 90' lang='lat' dir='ltr'><strong>est,</strong></span> <span class='ocrx_word' id='word_1_156' title='bbox 939 1258 975 1282; x_wconf 89' lang='lat' dir='ltr'><strong>ut</strong></span> <span class='ocrx_word' id='word_1_157' title='bbox 997 1250 1172 1292; x_wconf 87' lang='lat' dir='ltr'><strong>permultos</strong></span> <span class='ocrx_word' id='word_1_158' title='bbox 1195 1251 1295 1288; x_wconf 87' lang='lat' dir='ltr'><strong>locos,</strong></span> 
     </span>
     <span class='ocr_line' id='line_1_21' title="bbox 136 1313 1296 1359; baseline -0.006 -10"><span class='ocrx_word' id='word_1_159' title='bbox 136 1327 254 1359; x_wconf 89' lang='lat' dir='ltr'><strong>eosque</strong></span> <span class='ocrx_word' id='word_1_160' title='bbox 281 1317 319 1347; x_wconf 86' lang='lat' dir='ltr'><strong>ad</strong></span> <span class='ocrx_word' id='word_1_161' title='bbox 349 1315 530 1356; x_wconf 90' lang='lat' dir='ltr'><strong>philosophi</strong></span> <span class='ocrx_word' id='word_1_162' title='bbox 562 1325 690 1346; x_wconf 87' lang='lat' dir='ltr'><strong>sensum</strong></span> <span class='ocrx_word' id='word_1_163' title='bbox 727 1313 949 1346; x_wconf 87' lang='lat' dir='ltr'><strong>declarandum</strong></span> <span class='ocrx_word' id='word_1_164' title='bbox 987 1313 1206 1354; x_wconf 81' lang='lat' dir='ltr'><strong>gravissimos,</strong></span> <span class='ocrx_word' id='word_1_165' title='bbox 1242 1317 1296 1343; x_wconf 86' lang='lat' dir='ltr'><strong>aut</strong></span> 
     </span>
     <span class='ocr_line' id='line_1_22' title="bbox 137 1373 1295 1418; baseline -0.004 -9"><span class='ocrx_word' id='word_1_166' title='bbox 137 1379 267 1410; x_wconf 89' lang='lat' dir='ltr'><strong>omnino</strong></span> <span class='ocrx_word' id='word_1_167' title='bbox 292 1376 560 1418; x_wconf 84' lang='lat' dir='ltr'><strong>praetermiserint</strong></span> <span class='ocrx_word' id='word_1_168' title='bbox 585 1382 640 1408; x_wconf 83' lang='lat' dir='ltr'><strong>aut</strong></span> <span class='ocrx_word' id='word_1_169' title='bbox 662 1376 773 1407; x_wconf 86' lang='lat' dir='ltr'><strong>leviter</strong></span> <span class='ocrx_word' id='word_1_170' title='bbox 797 1375 966 1416; x_wconf 83' lang='lat' dir='ltr'><strong>attigerint.</strong></span> <span class='ocrx_word' id='word_1_171' title='bbox 1009 1375 1053 1405; x_wconf 88' lang='lat' dir='ltr'><strong>Et</strong></span> <span class='ocrx_word' id='word_1_172' title='bbox 1076 1374 1102 1405; x_wconf 91' lang='lat' dir='ltr'><strong>si</strong></span> <span class='ocrx_word' id='word_1_173' title='bbox 1126 1374 1179 1415; x_wconf 92' lang='lat' dir='ltr'><strong>qui</strong></span> <span class='ocrx_word' id='word_1_174' title='bbox 1201 1373 1295 1405; x_wconf 89' lang='lat' dir='ltr'><strong>hodie</strong></span> 
     </span>
     <span class='ocr_line' id='line_1_23' title="bbox 137 1435 1295 1480; baseline -0.005 -9"><span class='ocrx_word' id='word_1_175' title='bbox 137 1440 325 1472; x_wconf 85' lang='lat' dir='ltr'><strong>exstiterunt</strong></span> <span class='ocrx_word' id='word_1_176' title='bbox 341 1439 539 1480; x_wconf 78' lang='lat' dir='ltr'><strong>interpreteS,</strong></span> <span class='ocrx_word' id='word_1_177' title='bbox 554 1438 606 1479; x_wconf 91' lang='lat' dir='ltr'><strong>qui</strong></span> <span class='ocrx_word' id='word_1_178' title='bbox 619 1438 650 1468; x_wconf 95' lang='lat' dir='ltr'><strong>in</strong></span> <span class='ocrx_word' id='word_1_179' title='bbox 670 1437 856 1468; x_wconf 86' lang='lat' dir='ltr'><strong>illustrando</strong></span> <span class='ocrx_word' id='word_1_180' title='bbox 876 1436 1047 1467; x_wconf 89' lang='lat' dir='ltr'><strong>Aristotele</strong></span> <span class='ocrx_word' id='word_1_181' title='bbox 1063 1435 1295 1477; x_wconf 84' lang='lat' dir='ltr'><strong>philosophiam</strong></span> 
     </span>
     <span class='ocr_line' id='line_1_24' title="bbox 137 1497 1296 1542; baseline -0.004 -10"><span class='ocrx_word' id='word_1_182' title='bbox 137 1512 208 1532; x_wconf 91' lang='lat' dir='ltr'><strong>cum</strong></span> <span class='ocrx_word' id='word_1_183' title='bbox 220 1500 389 1542; x_wconf 83' lang='lat' dir='ltr'><strong>philologia</strong></span> <span class='ocrx_word' id='word_1_184' title='bbox 413 1510 448 1530; x_wconf 83' lang='lat' dir='ltr'><strong>se</strong></span> <span class='ocrx_word' id='word_1_185' title='bbox 472 1500 698 1540; x_wconf 86' lang='lat' dir='ltr'><strong>conjuncturos</strong></span> <span class='ocrx_word' id='word_1_186' title='bbox 723 1509 794 1530; x_wconf 88' lang='lat' dir='ltr'><strong>esse</strong></span> <span class='ocrx_word' id='word_1_187' title='bbox 816 1498 1046 1539; x_wconf 84' lang='lat' dir='ltr'><strong>pollicerentur,</strong></span> <span class='ocrx_word' id='word_1_188' title='bbox 1065 1497 1086 1528; x_wconf 91' lang='lat' dir='ltr'><strong>ii</strong></span> <span class='ocrx_word' id='word_1_189' title='bbox 1109 1497 1169 1538; x_wconf 89' lang='lat' dir='ltr'><strong>ipsi</strong></span> <span class='ocrx_word' id='word_1_190' title='bbox 1190 1502 1296 1528; x_wconf 82' lang='lat' dir='ltr'><strong>sectae</strong></span> 
     </span>
     <span class='ocr_line' id='line_1_25' title="bbox 138 1559 1295 1602; baseline -0.004 -8"><span class='ocrx_word' id='word_1_191' title='bbox 138 1563 261 1594; x_wconf 87' lang='lat' dir='ltr'><strong>cuidam</strong></span> <span class='ocrx_word' id='word_1_192' title='bbox 275 1561 433 1602; x_wconf 82' lang='lat' dir='ltr'><strong>singulari,</strong></span> <span class='ocrx_word' id='word_1_193' title='bbox 449 1560 625 1592; x_wconf 84' lang='lat' dir='ltr'><strong>Kantianae</strong></span> <span class='ocrx_word' id='word_1_194' title='bbox 643 1560 729 1592; x_wconf 87' lang='lat' dir='ltr'><strong>verbi</strong></span> <span class='ocrx_word' id='word_1_195' title='bbox 742 1571 846 1598; x_wconf 86' lang='lat' dir='ltr'><strong>causa,</strong></span> <span class='ocrx_word' id='word_1_196' title='bbox 862 1560 988 1598; x_wconf 85' lang='lat' dir='ltr'><strong>addicti,</strong></span> <span class='ocrx_word' id='word_1_197' title='bbox 1003 1559 1160 1601; x_wconf 88' lang='lat' dir='ltr'><strong>ejusmodi</strong></span> <span class='ocrx_word' id='word_1_198' title='bbox 1172 1559 1295 1600; x_wconf 88' lang='lat' dir='ltr'><strong>opinio-</strong></span> 
     </span>
     <span class='ocr_line' id='line_1_26' title="bbox 138 1620 1297 1663; baseline -0.003 -8"><span class='ocrx_word' id='word_1_199' title='bbox 138 1634 194 1655; x_wconf 89' lang='lat' dir='ltr'><strong>nes</strong></span> <span class='ocrx_word' id='word_1_200' title='bbox 203 1626 252 1663; x_wconf 88' lang='lat' dir='ltr'><strong>(ut</strong></span> <span class='ocrx_word' id='word_1_201' title='bbox 261 1622 372 1655; x_wconf 82' lang='lat' dir='ltr'><strong>alicubi</strong></span> <span class='ocrx_word' id='word_1_202' title='bbox 386 1633 403 1653; x_wconf 90' lang='lat' dir='ltr'><strong>e</strong></span> <span class='ocrx_word' id='word_1_203' title='bbox 416 1622 644 1653; x_wconf 84' lang='lat' dir='ltr'><strong>commentario</strong></span> <span class='ocrx_word' id='word_1_204' title='bbox 652 1633 724 1653; x_wconf 91' lang='lat' dir='ltr'><strong>meo</strong></span> <span class='ocrx_word' id='word_1_205' title='bbox 732 1621 911 1663; x_wconf 82' lang='lat' dir='ltr'><strong>apparebit)</strong></span> <span class='ocrx_word' id='word_1_206' title='bbox 919 1622 949 1652; x_wconf 90' lang='lat' dir='ltr'><strong>in</strong></span> <span class='ocrx_word' id='word_1_207' title='bbox 963 1620 1164 1662; x_wconf 87' lang='lat' dir='ltr'><strong>gravissimas</strong></span> <span class='ocrx_word' id='word_1_208' title='bbox 1173 1620 1297 1651; x_wconf 87' lang='lat' dir='ltr'><strong>Aristo-</strong></span> 
     </span>
     <span class='ocr_line' id='line_1_27' title="bbox 138 1682 1297 1724; baseline -0.003 -8"><span class='ocrx_word' id='word_1_209' title='bbox 138 1685 208 1718; x_wconf 83' lang='lat' dir='ltr'><strong>telis</strong></span> <span class='ocrx_word' id='word_1_210' title='bbox 233 1685 407 1716; x_wconf 82' lang='lat' dir='ltr'><strong>sententias</strong></span> <span class='ocrx_word' id='word_1_211' title='bbox 433 1685 641 1722; x_wconf 87' lang='lat' dir='ltr'><strong>intruserunt,</strong></span> <span class='ocrx_word' id='word_1_212' title='bbox 665 1695 737 1715; x_wconf 88' lang='lat' dir='ltr'><strong>cum</strong></span> <span class='ocrx_word' id='word_1_213' title='bbox 755 1689 860 1715; x_wconf 87' lang='lat' dir='ltr'><strong>tamen</strong></span> <span class='ocrx_word' id='word_1_214' title='bbox 883 1683 932 1722; x_wconf 87' lang='lat' dir='ltr'><strong>iis,</strong></span> <span class='ocrx_word' id='word_1_215' title='bbox 957 1683 1010 1724; x_wconf 90' lang='lat' dir='ltr'><strong>qui</strong></span> <span class='ocrx_word' id='word_1_216' title='bbox 1026 1692 1099 1714; x_wconf 88' lang='lat' dir='ltr'><strong>vere</strong></span> <span class='ocrx_word' id='word_1_217' title='bbox 1116 1682 1297 1723; x_wconf 88' lang='lat' dir='ltr'><strong>philosophi</strong></span> 
     </span>
     <span class='ocr_line' id='line_1_28' title="bbox 139 1743 1295 1788; baseline -0.003 -11"><span class='ocrx_word' id='word_1_218' title='bbox 139 1753 223 1783; x_wconf 83' lang='lat' dir='ltr'><strong>sunt,</strong></span> <span class='ocrx_word' id='word_1_219' title='bbox 246 1746 307 1788; x_wconf 91' lang='lat' dir='ltr'><strong>ipsi</strong></span> <span class='ocrx_word' id='word_1_220' title='bbox 331 1745 534 1787; x_wconf 83' lang='lat' dir='ltr'><strong>exprobrent,</strong></span> <span class='ocrx_word' id='word_1_221' title='bbox 559 1756 615 1776; x_wconf 85' lang='lat' dir='ltr'><strong>sua</strong></span> <span class='ocrx_word' id='word_1_222' title='bbox 639 1755 694 1776; x_wconf 89' lang='lat' dir='ltr'><strong>eos</strong></span> <span class='ocrx_word' id='word_1_223' title='bbox 718 1745 895 1776; x_wconf 86' lang='lat' dir='ltr'><strong>recentiora</strong></span> <span class='ocrx_word' id='word_1_224' title='bbox 921 1750 1061 1776; x_wconf 87' lang='lat' dir='ltr'><strong>veterem</strong></span> <span class='ocrx_word' id='word_1_225' title='bbox 1092 1744 1124 1775; x_wconf 89' lang='lat' dir='ltr'><strong>in</strong></span> <span class='ocrx_word' id='word_1_226' title='bbox 1155 1743 1295 1784; x_wconf 91' lang='lat' dir='ltr'><strong>philoso-</strong></span> 
     </span>
     <span class='ocr_line' id='line_1_29' title="bbox 138 1804 1297 1849; baseline -0.003 -10"><span class='ocrx_word' id='word_1_227' title='bbox 138 1809 235 1849; x_wconf 89' lang='lat' dir='ltr'><strong>phum</strong></span> <span class='ocrx_word' id='word_1_228' title='bbox 259 1807 413 1839; x_wconf 87' lang='lat' dir='ltr'><strong>intulisse.</strong></span> <span class='ocrx_word' id='word_1_229' title='bbox 462 1807 525 1839; x_wconf 89' lang='lat' dir='ltr'><strong>Sed</strong></span> <span class='ocrx_word' id='word_1_230' title='bbox 549 1818 613 1838; x_wconf 88' lang='lat' dir='ltr'><strong>non</strong></span> <span class='ocrx_word' id='word_1_231' title='bbox 642 1812 750 1848; x_wconf 88' lang='lat' dir='ltr'><strong>potest</strong></span> <span class='ocrx_word' id='word_1_232' title='bbox 772 1806 959 1838; x_wconf 85' lang='lat' dir='ltr'><strong>Aristoteles</strong></span> <span class='ocrx_word' id='word_1_233' title='bbox 984 1816 1086 1847; x_wconf 88' lang='lat' dir='ltr'><strong>neque</strong></span> <span class='ocrx_word' id='word_1_234' title='bbox 1115 1805 1196 1837; x_wconf 83' lang='lat' dir='ltr'><strong>ullus</strong></span> <span class='ocrx_word' id='word_1_235' title='bbox 1220 1804 1297 1835; x_wconf 79' lang='lat' dir='ltr'><strong>nlius</strong></span> 
     </span>
     <span class='ocr_line' id='line_1_30' title="bbox 140 1866 1296 1910; baseline -0.004 -9"><span class='ocrx_word' id='word_1_236' title='bbox 140 1875 194 1901; x_wconf 88' lang='lat' dir='ltr'><strong>aut</strong></span> <span class='ocrx_word' id='word_1_237' title='bbox 206 1875 347 1901; x_wconf 87' lang='lat' dir='ltr'><strong>veterum</strong></span> <span class='ocrx_word' id='word_1_238' title='bbox 367 1875 420 1900; x_wconf 86' lang='lat' dir='ltr'><strong>aut</strong></span> <span class='ocrx_word' id='word_1_239' title='bbox 437 1869 647 1900; x_wconf 87' lang='lat' dir='ltr'><strong>recentiorum</strong></span> <span class='ocrx_word' id='word_1_240' title='bbox 666 1868 928 1910; x_wconf 89' lang='lat' dir='ltr'><strong>philosophorum</strong></span> <span class='ocrx_word' id='word_1_241' title='bbox 947 1879 984 1899; x_wconf 85' lang='lat' dir='ltr'><strong>ex</strong></span> <span class='ocrx_word' id='word_1_242' title='bbox 1006 1867 1147 1908; x_wconf 83' lang='lat' dir='ltr'><strong>singulae</strong></span> <span class='ocrx_word' id='word_1_243' title='bbox 1167 1866 1296 1907; x_wconf 73' lang='lat' dir='ltr'><strong>alicujus</strong></span> 
     </span>
     <span class='ocr_line' id='line_1_31' title="bbox 140 1927 1297 1972; baseline -0.004 -10"><span class='ocrx_word' id='word_1_244' title='bbox 140 1931 358 1972; x_wconf 82' lang='lat' dir='ltr'><strong>philosophiae</strong></span> <span class='ocrx_word' id='word_1_245' title='bbox 367 1931 540 1972; x_wconf 84' lang='lat' dir='ltr'><strong>principiiS,</strong></span> <span class='ocrx_word' id='word_1_246' title='bbox 549 1930 665 1961; x_wconf 90' lang='lat' dir='ltr'><strong>nedum</strong></span> <span class='ocrx_word' id='word_1_247' title='bbox 674 1930 810 1969; x_wconf 86' lang='lat' dir='ltr'><strong>criticae,</strong></span> <span class='ocrx_word' id='word_1_248' title='bbox 824 1930 971 1971; x_wconf 88' lang='lat' dir='ltr'><strong>perspici,</strong></span> <span class='ocrx_word' id='word_1_249' title='bbox 984 1940 1062 1971; x_wconf 87' lang='lat' dir='ltr'><strong>quae</strong></span> <span class='ocrx_word' id='word_1_250' title='bbox 1076 1927 1212 1970; x_wconf 88' lang='lat' dir='ltr'><strong>quidem,</strong></span> <span class='ocrx_word' id='word_1_251' title='bbox 1223 1927 1297 1968; x_wconf 87' lang='lat' dir='ltr'><strong>quid</strong></span> 
     </span>
     <span class='ocr_line' id='line_1_32' title="bbox 140 1990 1294 2034; baseline -0.004 -11"><span class='ocrx_word' id='word_1_252' title='bbox 140 1994 171 2023; x_wconf 85' lang='lat' dir='ltr'><strong>in</strong></span> <span class='ocrx_word' id='word_1_253' title='bbox 185 1992 383 2025; x_wconf 88' lang='lat' dir='ltr'><strong>obscurando</strong></span> <span class='ocrx_word' id='word_1_254' title='bbox 392 1993 564 2024; x_wconf 81' lang='lat' dir='ltr'><strong>Aristotele</strong></span> <span class='ocrx_word' id='word_1_255' title='bbox 573 1992 685 2034; x_wconf 76' lang='lat' dir='ltr'><strong>possit,</strong></span> <span class='ocrx_word' id='word_1_256' title='bbox 700 1992 908 2024; x_wconf 83' lang='lat' dir='ltr'><strong>Tenncmanii</strong></span> <span class='ocrx_word' id='word_1_257' title='bbox 920 1992 1048 2031; x_wconf 80' lang='lat' dir='ltr'><strong>ejusque</strong></span> <span class='ocrx_word' id='word_1_258' title='bbox 1058 1990 1294 2030; x_wconf 74' lang='lat' dir='ltr'><strong>omnigenorum</strong></span> 
     </span>
    </p>
   </div>
   <div class='ocr_carea' id='block_1_3' title="bbox 141 2056 647 2097">
    <p class='ocr_par' dir='ltr' id='par_1_5' title="bbox 141 2056 647 2097">
     <span class='ocr_line' id='line_1_33' title="bbox 141 2056 647 2097; baseline -0.008 -10"><span class='ocrx_word' id='word_1_259' title='bbox 141 2056 309 2087; x_wconf 73' lang='lat' dir='ltr'><strong>satellitum</strong></span> <span class='ocrx_word' id='word_1_260' title='bbox 336 2057 480 2097; x_wconf 69' lang='lat' dir='ltr'><strong>exemplo</strong></span> <span class='ocrx_word' id='word_1_261' title='bbox 504 2056 647 2086; x_wconf 73' lang='lat' dir='ltr'><strong>vidimus,</strong></span> 
     </span>
    </p>
   </div>
  </div>
 </body>
</html>
