1439 2342
432 78 503 104 Libri
526 78 544 103 1.
586 78 650 111 Cup.
674 77 696 103 X
719 77 786 110 (xl).
1139 75 1186 111 65

30 185 177 227 explicari
208 191 335 227 potest3
374 191 407 218 et
441 185 621 227 apparendo
657 191 800 217 naturam
836 196 924 217 suam
960 196 1023 216 non
1059 185 1185 222 amittit,

29 241 103 284 quin
125 240 232 283 potius
255 241 306 272 illa
334 241 402 283 ipsa
425 241 634 282 explicatione
664 241 865 282 adipiscitur,
896 251 967 272 cum
993 241 1080 272 omni
1102 246 1185 274 tem-

30 307 107 339 pore
130 307 165 328 se
188 307 286 328 unum
318 301 351 328 et
372 296 456 328 idem
489 307 560 328 esse
592 297 749 328 ostendat.
774 315 817 320 —
847 293 1005 338 (διαλάμπει
1030 294 1062 328 τὲ
1083 294 1184 334 καλόν)

29 351 155 384 Inerant
184 351 360 384 sententiae
383 352 580 388 Aristotelis,
613 363 692 393 quae
717 352 815 384 Stoici
847 357 960 392 postea
989 355 1125 394 arripere
1156 359 1187 385 et

29 407 158 440 ulterius
181 407 354 448 provehere
377 412 559 449 potuerunt.
607 407 671 439 Sed
695 419 736 439 ne
760 407 907 448 Epicurei
931 407 1057 448 quidem
1080 409 1124 440 ita
1148 408 1186 440 ab

28 463 219 497 Aristotelea
248 463 406 494 sententia
435 468 524 494 erant
555 463 664 501 alieni,
696 468 731 494 ut
762 462 800 494 ab
831 463 893 494 hoc
918 463 1006 495 fonte
1036 475 1091 495 sua
1122 476 1185 496 non

29 525 62 552 et
82 519 142 561 ipsi
165 519 346 560 potuissent
370 519 519 550 derivare.

117 575 145 616 ξ.
171 574 222 607 13.
271 575 300 606 ἐκ
325 576 378 606 τῶν
400 571 605 615 ὑπαρχόντων)
636 575 809 617 Quaequae
833 580 882 606 est
905 574 1186 607 instrumentorum

29 635 228 663 externorum
246 630 398 671 conditio,
423 631 556 663 varietas
574 636 606 663 et
622 630 791 669 mobilitas,
817 631 940 662 interna
963 631 1046 662 bona
1063 643 1187 673 semper

29 698 153 719 summa
176 697 246 718 esse
270 693 407 728 possunt
431 684 483 725 (wx
504 684 676 724 κείλλιπα).

117 743 145 784 ξ.
177 742 224 774 14.
260 739 413 783 μακάριος)
440 743 522 774 Cum
545 740 683 784 μακάριε,-
708 742 852 783 (beatus)
873 750 905 774 et
928 741 1064 784 εὖοαίμαψ
1082 744 1185 781 (felix)

28 798 179 830 hocloco
204 798 454 840 distinguantur,
487 799 594 839 accipe
617 795 755 839 μακάριος
780 798 819 830 de
842 799 909 830 viro
933 800 1072 840 perfecte
1094 799 1187 836 felici,

28 851 166 896 εὐδαίμων
195 859 302 885 autem
325 855 364 886 de
395 854 480 886 bono
511 855 578 885 viro
604 853 832 886 calamitatibus
863 866 927 886 non
959 859 1103 893 exemto,
1136 857 1187 897 qui

30 910 157 952 quidem
180 909 363 951 imperfecte
380 916 429 942 est
444 910 526 942 felix.
564 911 646 942 Cum
669 915 775 941 tamen
800 910 985 952 plerumque
997 910 1186 943 Aristoteles

29 966 116 998 hisce
131 965 262 997 vocibus
278 967 457 1007 promiscue
473 977 549 997 usus
570 966 621 1004 sit,
646 977 704 997 nos
729 977 801 997 eum
819 966 919 998 secuti
935 978 1044 998 sumus
1059 967 1187 998 beatum

29 1027 63 1054 et
77 1022 201 1053 felicem
214 1022 398 1063 plerumque
416 1032 480 1052 non
505 1022 769 1053 discriminantes.
785 1040 827 1045 —
846 1019 874 1053 ’ἔκ
900 1035 927 1053 τε
954 1023 1021 1060 τῶν)
1045 1023 1132 1054 Ven:
1158 1022 1187 1054 ἐκ

29 1077 82 1109 τῶν
113 1074 246 1108 τοιούτων
275 1077 314 1108 δέ.
364 1077 562 1109 Eustratius:
601 1078 630 1108 ἐκ
660 1074 715 1118 γάρ
747 1078 799 1109 τῶν
830 1075 961 1109 τοιούτων
993 1078 1075 1120 φησί.
1123 1079 1187 1111 Sed

29 1144 124 1175 saepe
147 1133 300 1175 particula
325 1146 368 1170 rs,
393 1133 476 1174 quod
495 1134 562 1175 jam
585 1134 704 1164 Zellius
729 1134 783 1171 (ad
807 1133 858 1172 ΙΙΙ,
882 1146 908 1165 c.
941 1134 987 1172 12,
1013 1135 1041 1175 ᾧ.
1066 1135 1102 1171 3)
1128 1146 1187 1165 no-

29 1190 124 1228 tavit,
157 1200 221 1220 non
252 1194 375 1220 tantum
404 1188 581 1227 vocabulis,
614 1189 671 1220 sed
700 1189 775 1220 totis
801 1189 895 1220 etiam
919 1190 1187 1221 enuntiationibus

30 1245 215 1288 copulandis
239 1245 345 1284 servit,
366 1250 402 1276 ut
417 1245 604 1276 Latinorum
620 1256 674 1286 que
681 1259 691 1282 ;
715 1245 754 1276 cf.
770 1245 840 1276 infr.
854 1245 905 1283 IV,
924 1257 950 1277 c.
969 1245 1000 1284 3,
1026 1246 1052 1287 ξ.
1071 1246 1108 1277 13
1127 1252 1186 1277 etc.

119 1302 147 1342 ξ.
175 1302 224 1334 15.
260 1297 279 1342 ἢ
301 1301 481 1341 προςΞτει-έον)
507 1300 669 1333 Habemus
687 1301 791 1333 denuo
815 1302 1092 1343 interrogationem
1116 1302 1187 1334 loco

30 1357 264 1397 affirmationis3
290 1358 374 1400 quod
398 1358 448 1389 vel
470 1357 543 1388 inde
568 1362 709 1398 apparet,
734 1358 805 1399 quia
829 1357 916 1389 addit
940 1355 1035 1398 ἐπειδὴ
1059 1373 1085 1389 κ.
1111 1371 1136 1389 τ.
1160 1363 1187 1390 λ.

33 1419 66 1447 et
98 1414 126 1455 ξ.
154 1412 204 1445 16.
229 1413 254 1444 εἰ
280 1411 306 1444 δ’
338 1408 434 1452 οὕτως.
487 1413 670 1445 Assentitur
700 1414 793 1455 igitur
825 1414 1016 1445 concludens
1048 1414 1188 1455 opinioni

30 1469 176 1509 Solonis,
202 1469 319 1511 quippe
344 1481 414 1501 eum
439 1469 507 1510 ipse
530 1469 562 1500 in
587 1470 767 1501 definiendo
787 1469 900 1501 dixerit
932 1470 956 1500 ἐν
988 1469 1040 1510 Βίῳ
1072 1469 1187 1510 τελείῳε

49 1526 163 1558 andem
185 1530 292 1557 tamen
317 1530 349 1557 et
371 1525 547 1566 restringit,
576 1536 648 1556 cum
669 1527 707 1557 de
731 1526 871 1556 humana
894 1532 1018 1556 tantum
1041 1525 1189 1557 felicitate

49 1593 102 1614 era
126 1582 167 1613 sit
190 1582 230 1622 (ξ.
253 1582 323 1621 16),
357 1593 422 1612 non
447 1581 487 1612 de
510 1581 615 1612 divina
638 1581 690 1612 illa
713 1581 927 1620 beatitudine,
953 1592 1032 1623 quae
1055 1582 1087 1612 in
1111 1592 1188 1613 con-

43 1638 211 1679 emplanda
233 1637 366 1669 veritate
382 1643 524 1668 versatur
541 1637 627 1668 omni
649 1637 885 1678 intercapedine
900 1648 1028 1669 vacans.
1063 1638 1189 1669 Eodem

63 1694 125 1726 odo
142 1694 297 1735 Epicurus
321 1693 353 1724 in
369 1693 562 1724 beatitudine
580 1692 723 1724 distinxit
741 1693 846 1734 (Diog.
863 1693 970 1725 Laert.
988 1693 1028 1731 Χ,
1046 1694 1074 1734 ξ.
1095 1693 1188 1734 121):

34 1747 78 1792 τὴν
101 1747 276 1791 εὖὸαιμσνίαν
300 1748 372 1789 διχῆ
396 1751 542 1786 νοεῖσθαι,
571 1746 620 1789 τήν
643 1762 674 1779 τε
697 1745 876 1790 ἀκροτάτην,
902 1747 945 1780 εἴα
971 1747 1031 1780 ἐστὶ
1055 1747 1119 1789 περὶ
1143 1747 1189 1780 τᾶν

34 1803 106 1844 θεὸν,
131 1805 306 1837 ἐπίτασιν
331 1801 380 1836 οὔκ
405 1803 539 1845 ἔχουσαν·
564 1802 613 1835 καὶ
638 1802 685 1845 τὴν
709 1801 905 1845 ἀνθρωπίνην,
930 1803 1053 1845 ἔχευα-αν
1078 1818 1189 1845 προς-

35 1860 151 1903 θήκην
173 1859 221 1893 καὶ
245 1858 396 1901 ἀφαίρεσιν
420 1857 532 1902 ἡδονῶν.

120 1918 148 1959 ᾧ.
182 1917 232 1949 16.
285 1916 439 1959 μακαρίως
470 1917 583 1958 ἐρσῦμεν
608 1935 651 1939 -
673 1916 828 1959 μακαρίους
859 1917 890 1948 ὁὲ
921 1914 1108 1957 ἀνθρώπρυς)
1145 1916 1191 1948 Ita

43 1978 140 2016 egunt
162 1974 191 2005 A
215 1971 295 2014 (Lb),
320 1974 358 2011 C,
381 1974 432 2012 El,
455 1974 527 2011 NC,
551 1973 628 2011 Par,
652 1973 708 2012 H”‚
732 1972 790 2012 Kb,
814 1972 877 2012 Mb,
900 1972 959 2011 Νὴ,
983 1974 1063 2011 Ven,
1087 1973 1190 2013 Argy-

38 2029 178 2071 .opylus;
201 2028 248 2071 μέν
272 2034 344 2061 ante
369 2028 482 2070 ἐροῦμεν
502 2029 622 2060 addunt
646 2030 738 2068 Vrat,
765 2028 831 2061 Ob:
863 2026 897 2068 ὡς
921 2034 994 2060 ante
1019 2025 1190 2068 σῗνθρώπους

68 2085 142 2124 CC,
164 2086 192 2117 B
217 2085 318 2127 prima
341 2096 437 2116 manu
461 2085 719 2126 superscriptum,
743 2085 980 2126 Paraphrastes,
1005 2089 1038 2116 et
1056 2085 1190 2116 Eustra-

50 2141 109 2180 ’us,
125 2141 178 2183 qui
194 2141 287 2173 dicit:
313 2140 470 2182 μακαρίους
488 2141 521 2172 δέ
535 2146 622 2183 φησιν
639 2138 674 2180 ὥς
689 2139 868 2182 ἀνθρώπους.
904 2141 1078 2181 Utramque
1095 2139 1191 2181 parti-

60 2203 187 2224 commem.
195 2203 293 2224 adm-isi.
300 2204 377 2224 Ennea
385 2204 471 2225 Nicom.
480 2204 516 2224 cd.
526 2203 642 2225 Michelei.
977 2194 993 2219 5
