1439 2342
530 70 603 98 Libri
625 71 684 101 vu
719 71 785 108 Cap.
803 71 825 99 1.
1185 66 1257 104 221

103 179 309 219 cohaereant,
340 185 448 212 tamen
479 181 546 213 aliis
577 193 594 214 e
618 181 695 213 locis
728 181 777 222 (cf.
802 180 872 212 infr.
895 179 976 219 VIII,
1000 191 1028 212 c.
1047 178 1077 218 1,
1101 179 1128 221 ᾗ.
1149 179 1184 218 1;
1209 179 1263 218 ῙΧ,

52 274 57 279 ,
103 248 130 269 c.
149 236 179 276 9,
203 236 230 278 §-
248 236 283 275 23
307 237 348 273 X,
374 249 401 269 c.
422 237 450 276 1,
475 238 502 279 ᾧ.
524 238 555 276 1)
581 242 727 279 apparet,
757 238 834 269 haec
857 237 1001 269 addenda
1024 247 1095 268 esse
1119 237 1263 278 disputa-

102 293 181 326 tioni
199 294 237 325 de
254 294 430 332 virtutibus,
456 299 491 325 ut
510 294 715 326 beatitudinis
733 294 828 325 etiam
845 294 942 326 altera
966 304 1050 335 pars,
1075 304 1190 334 nempe
1215 293 1263 325 in-

103 355 278 382 strumenta
298 351 432 388 virtutis,
461 351 544 382 bona
569 356 698 382 externa
720 356 752 382 et
770 351 911 392 corporis
936 351 1148 382 declarentur:
1176 349 1262 382 Con-

101 406 234 438 tinentia
260 406 354 448 (libro
372 407 460 446 VII),
488 418 568 449 quae
592 408 631 439 ad
649 408 771 439 animae
795 414 915 449 partem
933 409 1054 439 ratione
1071 408 1263 449 praeditam3

101 463 238 496 amicitia
263 463 358 504 (libris
382 463 451 495 VIII
475 470 506 495 et
530 464 614 502 lx),
640 475 719 506 quae
744 465 782 495 ad
807 464 983 506 appetitum
1009 464 1176 502 socialem
1206 474 1263 496 vo-

101 520 204 562 luptas
230 520 327 561 (libro
351 520 417 559 X),
451 531 531 562 quae
561 521 598 551 ad
623 521 799 562 appetitum
826 521 873 552 sui
896 521 1103 552 conservandi
1127 521 1265 563 pertinet

103 578 157 616 (cf.
174 588 258 619 supr.
274 578 311 608 ad
328 577 351 616 I,
368 589 393 609 c.
412 579 442 610 5.
461 577 556 616 init.).
583 577 707 610 Quibus
730 576 876 608 omnibus
890 578 1030 609 tractatis
1050 577 1131 609 redit
1144 583 1264 617 auctor,

102 638 139 665 ut
162 634 297 665 diximus
328 644 421 675 supra
447 634 496 674 (ad
521 633 543 673 I,
569 645 595 666 c.
614 633 644 672 6,
671 634 698 675 ᾧ.
720 633 791 673 16),
817 634 856 665 ad
882 634 1043 666 materiam
1068 635 1159 676 primi
1183 634 1263 673 libri,

101 702 216 733 nempe
240 691 485 729 beatitudinem,
521 692 607 732 cujus
640 690 911 722 adumbrationem
936 692 1003 733 jam
1027 703 1111 722 nunc
1136 703 1262 723 accura-

101 747 163 779 tius
188 747 347 790 depictam
376 748 407 779 in
435 748 560 789 epilogo
585 748 688 789 operis
713 747 899 790 recapitulat
922 748 960 779 ad
986 748 1148 789 politicam
1173 754 1260 779 tran-

99 804 226 836 siturus.
273 804 419 836 Muretus
451 805 534 836 hunc
566 804 679 836 librum
709 816 780 836 cum
812 804 973 845 superiore
1007 804 1051 835 ita
1086 805 1260 846 conjungit,

100 866 137 893 ut
160 861 260 893 dicat:
297 861 498 901 „Didicimus
523 861 678 903 principio
702 861 770 893 libri
795 861 898 892 sexti“
924 862 1049 903 (nempe
1074 872 1099 892 c.
1119 861 1149 899 2,
1173 861 1199 903 ᾧ.
1218 862 1264 901 2),

100 918 187 958 „duo
210 918 324 960 requiri
350 919 387 949 ad
413 918 536 951 virtutis
561 919 687 950 moralis
704 918 948 960 perfectionem:
974 929 1083 956 unum,
1108 923 1144 949 ut
1167 914 1181 949 ὃ
1206 917 1264 957 νοῦς

102 970 116 1006 ὅ
142 972 297 1015 πρακτικός
319 986 392 1007 vere
412 975 567 1017 judicaret
591 975 629 1007 de
654 975 832 1017 expetendo
858 979 911 1005 aut
928 974 1093 1015 fugiend0;
1119 975 1262 1014 alterum,

100 1036 137 1063 ut
159 1042 196 1063 ea
219 1042 291 1073 pars
316 1032 428 1070 animi,
452 1032 482 1063 in
509 1043 569 1074 qua
592 1032 675 1063 inest
700 1031 869 1074 appetitio,
895 1031 1090 1063 consentiret
1113 1043 1185 1063 cum
1209 1032 1262 1063 illo

99 1098 175 1120 vero
198 1088 347 1131 bonoque
366 1089 503 1131 judicio,
534 1094 566 1120 et
593 1089 678 1131 quod
702 1099 791 1120 mens
817 1088 1055 1130 pronuntiasset
1080 1088 1263 1129 fugiendum

100 1154 188 1183 esse,
219 1145 250 1176 id
282 1156 411 1187 prorsus
437 1151 650 1184 aversaretur,
681 1146 765 1188 quod
791 1145 1023 1186 expetendum,
1055 1145 1085 1176 id
1110 1144 1177 1176 sine
1202 1145 1264 1176 ulla

98 1202 299 1234 cunctatione
329 1208 522 1244 sequeretur.
569 1202 632 1234 Sed
664 1203 769 1234 evenit
798 1202 999 1244 plerumque,
1036 1206 1072 1232 ut
1101 1213 1190 1233 mens
1220 1207 1262 1248 et,

100 1259 253 1301 appetitio
279 1259 471 1297 dissideant,
502 1270 635 1302 cumque
667 1270 757 1291 mens
788 1269 860 1290 vere
892 1259 931 1290 de
958 1259 1094 1290 honesto
1119 1269 1154 1290 ac
1179 1258 1264 1300 turpi

94 1315 228 1358 judicet,
252 1315 280 1347 ei
304 1315 472 1347 honestum
500 1316 706 1357 anteponenti
724 1315 888 1358 appetitio,
913 1320 1062 1357 tanquam
1078 1315 1262 1347 calcitrosus

100 1377 133 1404 et
159 1371 330 1404 contumax
361 1383 459 1415 equus
489 1372 570 1404 bene
601 1373 728 1404 ducenti
757 1372 924 1411 insessori,
956 1377 1122 1414 repugnet.
1169 1372 1261 1404 Tunc

98 1429 193 1471 igitur
215 1434 270 1460 aut
292 1429 323 1460 in
347 1428 400 1460 illo
424 1429 574 1461 conflictu
597 1429 695 1462 vincit
718 1429 814 1467 ratio,
841 1434 873 1461 et
897 1429 1124 1470 appetitionem
1150 1440 1260 1471 quam-

98 1486 145 1518 vis
169 1486 299 1517 invitam
325 1497 361 1518 ac
384 1487 574 1518 renitentem
592 1486 650 1517 sibi
666 1497 775 1528 parere
789 1486 889 1527 cogit3
915 1491 1008 1528 atque
1024 1486 1106 1517 hanc
1119 1485 1261 1517 affectio-

99 1553 172 1575 nem
203 1542 298 1573 animi
327 1544 535 1574 continentiam
563 1553 724 1574 vocamus.
779 1543 842 1574 Aut
871 1542 1099 1574 immoderatae
1129 1543 1199 1574 illae
1230 1547 1262 1574 et

99 1599 268 1630 effrenatae
299 1599 489 1640 cupiditates
520 1604 615 1631 ruunt
645 1610 816 1641 secumque
852 1599 1012 1630 hominem
1049 1599 1194 1631 auferunt
1228 1603 1262 1631 et

98 1655 243 1697 neglecto
266 1655 397 1687 rationis
427 1655 561 1696 imperio
590 1656 747 1695 exultant3
779 1661 872 1697 atque
903 1656 983 1687 hanc
1008 1657 1259 1696 incontinentiam,

99 1717 154 1744 aut
181 1714 382 1753 impotentiam
410 1712 647 1743 nominamus.“
692 1712 856 1743 Hactenus
881 1713 1045 1751 Muretus,
1078 1718 1111 1744 et
1134 1713 1260 1755 quidem

99 1774 201 1808 recte3
230 1781 290 1801 nec
314 1774 435 1811 pugnat
459 1781 530 1800 cum
554 1769 609 1807 iis,
639 1780 719 1811 quae
744 1768 891 1801 diximus.
939 1769 1007 1801 Nec
1031 1770 1112 1801 male
1138 1770 1259 1811 Gipha-

99 1826 169 1858 nius
200 1826 340 1864 notavit,
371 1826 592 1864 Aristotelem,
623 1825 770 1867 perfectis
799 1825 965 1857 virtutibus
997 1825 1167 1867 expositiS,
1194 1826 1259 1868 jam

99 1894 182 1914 nunc
217 1882 257 1914 de
289 1882 446 1914 inchoatis
480 1882 635 1923 explicare
671 1881 709 1913 ad
745 1882 933 1924 explendam
968 1887 1070 1914 totam
1106 1883 1258 1914 virtutum

99 1940 336 1978 tractationem3
367 1940 576 1970 instrumenta
607 1939 691 1970 enim
724 1943 756 1970 et
779 1938 883 1970 media
906 1939 985 1971 fines
1011 1944 1085 1970 sunt
1108 1938 1258 1970 inchoati.

98 1995 177 2027 Item
202 1996 371 2038 Aspasius:
408 1992 458 2027 οὐκ
483 1994 594 2036 ἐδίδαξε
619 1994 649 2026 δὲ
674 1992 737 2035 περὶ
761 1994 939 2036 ἐγκρατείας,
965 1992 1034 2028 ἔνθα
1059 1994 1170 2036 ἐδίδαξε
1195 1993 1260 2036 περὶ

100 2052 153 2084 τῶν
184 2049 292 2094 ἠθικῶν
315 2049 430 2093 ἀρετῶν,
454 2046 473 2094 ἦ
495 2049 543 2083 καὶ
566 2050 614 2093 τῆς
637 2047 757 2093 ἡρωὶέιῆς
778 2048 825 2083 καὶ
849 2049 930 2090 θείας
954 2047 1066 2093 ἀρετῆς.
1094 2047 1161 2083 ἀλλ’
1186 2050 1260 2089 ἰδίως

99 2106 229 2141 διδάσκει
253 2106 316 2150 περὶ
339 2109 388 2151 τῆς
412 2107 573 2150 ἐγκρατείας
595 2106 644 2140 καὶ
667 2108 716 2150 τῆς
739 2105 861 2150 ἧρωὶὶιῆς
884 2105 932 2139 καὶ
956 2106 1037 2146 &effug
1062 2104 1180 2149 ἀρετῆς,
1211 2104 1259 2139 καὶ

100 2162 254 2207 διεχώρισε
279 2162 387 2205 ταύτας
411 2165 464 2198 τῶν
488 2157 582 2198 ἄλλων
606 2161 721 2205 ἀρετῶν,
745 2162 866 2203 εἰκότως.
905 2161 964 2196 ἐπεὶ
986 2160 1042 2204 γάρ
1068 2160 1084 2205 ἡ
1109 2160 1260 2205 ἐγκράτεια
