1439 2342
524 119 595 146 Libri
617 119 663 147 ix.
689 119 753 156 cap.
776 119 797 150 1.
1166 116 1239 153 281

89 239 127 260 ex
151 228 216 260 suis
240 227 412 266 codicibus,
437 232 570 269 excepto
593 227 657 260 Mb.
696 247 730 252 —
761 226 808 270 τὴν
833 225 912 269 ἀξίαν
936 229 1003 260 ποτ’
1027 228 1075 268 αν)
1115 219 1147 260 ἅν
1170 242 1241 261 ποτε

89 280 138 325 τὴν
161 280 242 325 ἆξιάν
267 284 429 316 Bekkerus
454 285 626 315 secundum
648 285 774 316 codices
792 296 878 323 suos,
903 285 1043 327 exceptis
1068 283 1113 317 Kb
1130 290 1161 317 et
1177 284 1240 318 Mb.

178 340 205 382 ξ.
231 340 261 372 6.
309 337 471 380 ὀφείλοντα)
497 341 555 372 Ηίο
575 342 639 382 jam
665 342 767 372 locum
793 341 888 372 habet
906 341 1082 372 Atticorum
1106 352 1241 373 consue-

88 396 167 428 tudo
197 407 255 438 pro
285 396 391 427 dativo
424 397 636 428 accusativum
666 397 822 437 ponendi,
855 397 893 428 de
925 408 986 438 qua
1017 408 1112 438 supra
1135 398 1190 437 (nd
1214 409 1241 429 c.

91 452 141 490 13,
167 453 195 494 ᾧ.
221 452 255 490 9)
280 452 415 491 Zellius3
441 463 499 484 nec
523 463 602 493 opus
627 458 693 490 est,
718 464 788 483 curn
814 451 868 490 Ι),
894 451 939 483 Ο“’
964 453 1066 495 legere
1090 450 1241 493 ὀφείλοντι.

89 509 239 541 Ceterum
274 509 386 550 supple
422 507 493 546 υἱόν,
525 509 609 550 quod
641 509 838 550 antiquarum
869 509 1038 540 nonnullae
1069 509 1242 541 editionum

88 564 186 604 (inter
210 575 286 606 quas
301 565 360 595 Ald
375 569 406 596 et
420 565 503 604 Ven)
525 565 654 596 addunt.
670 583 710 587 ——
737 562 813 596 οὐδὲν
838 565 867 597 ὁὶ
893 562 1023 607 ποιήσας)
1041 565 1150 597 Strue:
1175 579 1243 597 ποι-

88 618 160 663 ήσας
192 619 222 652 δὲ
254 624 313 659 (sc.
345 617 431 658 υἶός),
463 620 594 661 δέδρακεν
626 617 702 652 οῧὸὲν
727 613 803 662 ἅξιεν
829 620 880 651 τῶν
908 617 1101 663 ὗπηργμένωνε
1133 622 1244 653 ultima

89 682 195 708 autem
225 687 284 708 vox
315 676 458 718 designat
489 676 642 708 beneficia
676 677 790 718 patris,
830 677 859 707 in
896 677 994 708 filium
1027 678 1093 719 jam
1131 678 1244 709 collata

90 729 249 773 (ὑπάρχω).
272 733 324 765 Sic
337 733 551 764 Demostenes
570 733 702 774 Olynth.
728 733 748 772 1,
775 734 802 774 ξ.
833 733 887 765 1οε
912 733 965 763 τῶν
991 730 1070 773 παραὶ
1094 733 1145 765 τῶν
1169 733 1243 766 θεῶν

90 785 153 831 ἧμῖν
173 785 363 830 ὑπηργμένων.
388 807 431 811 -
456 788 563 828 φιλίας)
596 786 732 829 ὠφελείας
758 789 812 827 El,
844 788 900 820 Kb.
925 808 967 812 ——
992 789 1032 830 τῷ
1064 786 1242 829 ἔπιφευκτόν)

89 844 130 886 τῷ
162 842 280 884 φευκτόν
309 844 473 876 Bekkerus
504 856 541 876 ex
565 845 620 883 H³‚
652 844 714 883 Kb,
740 844 795 882 L''‚
830 844 893 880 01¹:
920 837 1040 876 Cora'es
1064 845 1107 886 τῷ
1129 842 1152 876 δ’
1183 842 1244 876 ἐστὶ

91 898 219 940 φευκτόν.
267 901 436 934 Asvtsius:
462 900 504 942 τῷ
529 901 558 931 δὲ
582 900 632 942 υἱῷ
657 898 824 940 ἐπιψευκτόν
850 897 881 932 τὸ
906 901 1035 941 ἐπαρκεῖν
1058 896 1125 942 ἢοῦ
1150 914 1243 932 σπου-

91 953 206 988 δαστόν.
253 957 496 998 paraphrastes:
530 956 570 998 τῷ
605 956 633 988 ὁέ
664 957 715 998 υἱῷ
738 956 887 998 μοχθηρῷ
918 949 974 988 ἕντι
1003 954 1138 999 μισητὸν,
1167 952 1186 998 ἢ
1213 953 1244 987 οὐ

89 1012 150 1045 λίαν
185 1010 381 1050 σπουδάζεται
412 1012 453 1054 τῷ
485 1011 573 1053 πατρὶ
601 1013 740 1053 ἐπαρκεῖν.
775 1032 812 1038 -
843 1009 1046 1053 σπουδαστόν)
1086 1011 1128 1044 Lb
1164 1012 1245 1044 male

90 1068 300 1106 σπουδαστέον,
324 1069 522 1100 necessitatis
547 1080 675 1100 sensum
700 1069 915 1101 introducens.

431 1306 761 1350 LIBER
826 1306 908 1349 ΙΧ.

182 1401 280 1436 ΟΑΡ.
305 1402 330 1432 Ι.
378 1402 597 1434 Wilkinsonus
623 1402 709 1440 dicit,
735 1401 938 1433 Aristotelem
964 1402 1024 1433 hoc
1047 1401 1126 1434 libro
1156 1402 1247 1433 insti-

93 1464 180 1490 tuere
205 1459 431 1501 „quaestiones
456 1459 567 1497 varias,
594 1470 672 1500 quae
697 1469 713 1489 e
739 1469 833 1499 supra
865 1458 956 1489 dictis
982 1458 1053 1489 oriri
1076 1461 1249 1500 poterant“

93 1518 248 1558 (quasque
274 1515 354 1546 adeo
380 1515 488 1556 paucis
512 1515 617 1546 verbis
638 1516 704 1556 jam
730 1514 858 1555 tetigit),
885 1515 957 1552 „vel
981 1525 1061 1556 quae
1078 1520 1154 1546 tunc
1169 1519 1249 1546 tem-

92 1571 178 1613 poris
209 1571 447 1612 agitabantur:“
479 1572 509 1602 id
542 1571 626 1612 quod
659 1571 786 1612 saepius
811 1570 972 1602 Aristoteli
996 1582 1056 1601 usu
1078 1571 1175 1609 venit,
1200 1582 1248 1603 eX.

92 1639 136 1670 gr.
162 1627 329 1659 disserenti
354 1628 392 1658 de
411 1628 534 1669 justitia
559 1628 614 1668 (V,
639 1639 665 1658 c.
692 1626 810 1665 6-11),
837 1627 875 1658 de
900 1627 1094 1658 continentia
1119 1627 1198 1667 (VII,
1222 1638 1248 1659 c.

96 1684 191 1722 1-2).
216 1684 307 1715 Adde
331 1695 368 1715 ea
392 1695 472 1726 quae
496 1689 606 1715 contra
628 1683 773 1715 Platonis
792 1682 956 1714 Philebum
974 1683 1147 1724 disputavit
1170 1683 1250 1721 (VH,

93 1752 120 1772 e.
154 1741 188 1772 11
204 1739 304 1779 -14);
331 1740 375 1771 ita
406 1745 441 1771 ut
472 1746 504 1771 et
533 1740 583 1771 hic
606 1739 683 1771 liber
714 1751 770 1781 per
794 1739 993 1770 occasionem
1024 1744 1056 1770 et
1080 1751 1097 1770 a
1120 1739 1251 1771 moralia

93 1797 225 1838 carptim
249 1801 405 1828 tractante
430 1796 564 1838 scriptus
594 1807 664 1828 esse
696 1796 846 1832 videatur.
894 1795 1022 1837 Singula
1052 1796 1115 1827 fere
1148 1796 1251 1838 capita

93 1853 232 1894 singulas
257 1852 470 1883 dubitationes
496 1858 549 1883 aut
573 1852 773 1883 difficultates
798 1851 955 1890 eximunt,
983 1863 1061 1894 quae
1086 1852 1115 1883 in
1143 1852 1250 1883 multis

93 1909 247 1950 capitibus
275 1909 364 1939 initio
400 1909 555 1950 expressis
593 1907 696 1939 verbis
727 1914 905 1939 moventur.
958 1909 1019 1939 Est
1052 1908 1146 1950 igitur
1175 1908 1251 1940 illud

92 1965 250 2007 posterius
276 1965 315 1995 de
340 1964 475 1995 amicitia
499 1965 648 1995 volumen
672 1964 860 2005 inscriptum
887 1964 968 2006 apud
993 1964 1171 2006 Diogenem
1197 1965 1250 2003 (V,

93 2022 121 2063 ξ.
148 2020 204 2059 24)
229 2020 323 2058 θέσεις
357 2019 483 2059 φιλικαί,
519 2031 591 2051 cum
616 2019 702 2061 prius
728 2017 793 2060 περὶ
824 2019 920 2059 φιλίας
944 2020 1033 2059 (ibid.
1058 2020 1084 2061 ᾧ.
1110 2020 1167 2058 22)
1193 2031 1251 2052 no·

94 2077 240 2109 minetur.
289 2077 439 2109 Ceterum
465 2077 528 2108 duo
552 2076 666 2117 integri
690 2076 759 2108 libri
785 2076 815 2107 in
841 2077 941 2107 solam
959 2077 1127 2108 amicitiam
1152 2087 1251 2118 expo-

93 2134 230 2166 nendam
255 2133 392 2164 absumti
415 2133 572 2175 longiores
596 2138 687 2172 sunt,
724 2144 817 2175 quam
847 2138 882 2164 ut
910 2133 1056 2174 primitus
1086 2133 1252 2165 videantur

93 2195 200 2232 partes
223 2190 321 2224 fuisse
345 2190 450 2232 operis
473 2194 573 2221 totam
605 2189 729 2222 ethicen
754 2189 1005 2231 complectentis.
1052 2189 1087 2221 Si
1117 2189 1167 2222 hic
1189 2189 1250 2221 ite-
