1439 2342
153 82 229 119 308
435 83 615 109 Comme-utar.
637 82 671 108 ad
683 82 794 110 Aristot.
817 81 904 109 Ethic.
926 81 1030 109 Nicon.

154 191 312 225 Victorius
339 195 372 222 et
406 190 541 222 similem
573 190 741 232 Sophoclis
771 189 978 228 sententiam,
1010 188 1063 232 qui
1092 187 1200 228 (oed.
1231 187 1308 230 Tyr.

158 247 258 286 1061)
281 247 436 278 Iocastam
460 247 583 279 inducit
605 247 807 289 loquentem:
833 239 895 284 ἅλις
918 241 1028 277 νεσσῧσ’
1052 242 1116 286 ἐγώ.

243 304 269 345 ἑ.
295 303 324 337 6.
372 299 436 342 mig
457 300 499 347 μὴ
523 300 716 346 ἀξιώσαντας)
745 299 780 334 τό
808 313 866 344 pro
897 299 960 340 τούς
989 301 1154 333 Bekkerus
1184 310 1223 332 ex
1251 299 1308 338 H',

152 359 199 392 Kh
224 359 450 398 (dissentiente
475 359 677 398 Cardwello),
701 357 757 397 L'·,
781 357 839 397 Nb,
873 357 920 390 Ob
952 356 1020 398 (Mb
1044 360 1216 396 neutrum).
1245 356 1308 388 Pro

153 413 217 454 τούς
240 412 281 458 μή
304 415 530 457 paraphrastes
554 415 662 457 posuit
684 412 781 457 μήπω.
823 414 910 447 Quid
934 413 1118 455 cogitaverit
1133 413 1308 452 Befflzerus,

151 472 234 503 illam
260 471 400 502 omnium
426 471 564 512 priorum
586 471 760 502 editionum
781 481 938 503 consensu
960 470 1115 502 firmatam
1138 469 1308 502 lectionem

152 528 322 569 corrigens,
342 527 431 559 facile
450 527 610 569 dijudicari
628 538 689 559 non
706 533 822 569 potest.
855 527 1022 569 Vituperat
1041 537 1092 558 me
1113 525 1257 558 Stahrius
1276 525 1308 556 in

151 584 338 616 recensione
351 583 463 625 prioris
474 583 620 615 editionis
635 584 727 626 hujus
740 583 956 615 commentarii
967 586 1012 624 (p.
1023 583 1114 621 383),
1125 578 1309 626 quodi-,3115

152 639 368 682 conjunxerim
391 645 423 670 et
445 639 672 671 Bekkerianam
701 640 870 671 lectionem
903 639 1138 681 explicaverim:
1161 639 1308 670 nutilium

150 700 338 736 recusantes,
364 696 505 727 Graecos
530 696 613 727 enim
636 696 680 727 ita
703 695 826 728 locutos
851 707 914 728 non
947 707 1032 734 esse,
1063 684 1306 738 quam-quidem

149 753 236 784 litem
268 752 336 783 aliis
361 752 592 793 dijudicandam
616 752 768 794 relinquo.
815 753 890 784 Vult
913 752 1006 794 igitur
1022 749 1056 783 τό
1079 763 1119 784 ex
1141 752 1307 794 „genuino

151 808 331 841 Aristotelis
362 811 450 839 usu“
481 808 599 840 dictum
630 819 701 840 esse
732 820 790 850 pro
814 809 906 847 ,γρῦχο
938 815 971 841 et
999 809 1105 840 referri
1129 807 1244 840 debere
1267 807 1306 838 ad

150 858 181 897 εὖ
205 867 300 896 πειεῖν.
347 864 488 895 Priorem
512 864 816 906 interpretationem,
843 870 877 896 ut
904 870 936 896 et
957 866 1022 907 jam
1048 865 1078 896 in
1110 865 1214 906 priore
1238 863 1306 895 edi-

151 922 238 952 tione
255 921 473 952 commcntarii
492 921 554 952 mei
571 921 720 959 dixeram,
739 923 879 963 ineptam
896 932 978 959 esse,
1002 932 1097 953 nemo
1121 932 1187 952 non
1208 920 1306 951 videt.

151 978 232 1010 Quis
258 978 340 1009 enirn
366 978 524 1009 recusanti
549 989 654 1019 opem,
679 984 711 1009 et
727 978 853 1020 quidem
879 977 1025 1016 maxime,
1049 978 1128 1009 ferat
1152 983 1206 1009 aut
1227 977 1306 1008 ferre

151 1034 283 1066 debeat?
307 1034 396 1064 Alter
421 1045 532 1065 sensus
551 1046 568 1065 a
593 1045 688 1066 sensu
712 1034 856 1076 vulgatae
880 1045 943 1066 non
969 1035 1134 1076 discrepat.
1183 1033 1305 1066 Quam-

150 1090 259 1122 obrem
299 1091 325 1120 si
361 1090 439 1132 sigla
477 1090 598 1122 articuli
635 1091 667 1122 in
705 1090 866 1123 codicibus
902 1089 984 1121 bene
1021 1090 1097 1132 legit
1132 1089 1305 1128 Bekkerus,

150 1152 198 1178 tot
229 1145 373 1177 codicum
415 1147 592 1178 auctoritati
632 1147 778 1178 resistere
810 1146 973 1178 noluerim.
1004 1147 1104 1186 Nam,
1137 1146 1196 1177 etsi
1227 1155 1306 1187 quae

151 1202 296 1242 exempla
320 1202 511 1233 Fritzschius
537 1203 628 1244 hujus
655 1203 848 1234 Aristotelici
872 1213 947 1233 usus
978 1202 1068 1234 affert
1091 1207 1145 1233 aut
1168 1201 1306 1233 habeant

149 1259 198 1289 vel
215 1255 247 1289 τὸ
265 1254 288 1288 δ’
306 1262 407 1299 (supr.
425 1259 462 1296 V,
480 1270 506 1289 c.
533 1258 563 1295 9,
589 1259 700 1300 §.152
726 1255 759 1289 τὸ
784 1254 861 1289 ὸόὖκ
878 1256 949 1296 ἔστι,
966 1258 1019 1291 IX.
1045 1269 1072 1290 e.
1098 1257 1128 1296 9,
1155 1258 1182 1299 ξ.
1208 1255 1246 1289 6:
1271 1253 1305 1288 τό

149 1309 175 1346 δ’
199 1310 248 1345 εὗκ
274 1312 347 1345 ἔστιν
372 1312 438 1353 ἴσως
464 1310 597 1356 ἆληθές),
622 1315 671 1345 vel
696 1311 759 1354 τόγε
785 1315 837 1353 (V,
863 1325 890 1345 c.
916 1313 946 1353 9,
971 1314 998 1355 ᾧ.
1023 1313 1060 1345 3:
1086 1310 1145 1345 ἐπεὶ
1165 1310 1212 1344 καὶ
1243 1310 1305 1354 τόγε

148 1367 318 1410 ἀπορήσειεν
353 1362 386 1401 ἄν
416 1372 487 1408 τις),
519 1376 573 1401 aut
605 1381 711 1401 verum
739 1370 903 1401 articulum
936 1370 1105 1401 exhibeant
1129 1369 1196 1408 (lv,
1221 1380 1248 1401 c.
1273 1369 1304 1408 5,

149 1427 176 1468 ᾧ.
206 1426 260 1458 1-1ε
286 1422 364 1458 ἀλλὰ
389 1423 421 1457 τό
444 1439 474 1466 γε
500 1426 625 1457 τεισῧτσν
650 1426 760 1464 ancy),
785 1433 891 1457 tamen
923 1437 986 1457 non
1019 1426 1126 1465 video,
1157 1437 1212 1458 cur
1240 1435 1305 1456 non

149 1489 182 1514 et
211 1481 245 1514 τό
273 1483 423 1524 simplex,
454 1481 487 1513 ὁέ
509 1488 563 1513 aut
592 1495 622 1522 γε
655 1493 718 1513 non
751 1482 874 1518 addito,
906 1482 981 1513 item
1014 1482 1099 1513 τοῦτο
1130 1481 1306 1524 significare

149 1544 254 1581 queat,
280 1545 312 1570 et
336 1539 497 1580 ignoratus
522 1539 572 1569 ille
601 1550 676 1569 usus
709 1538 883 1569 editoribus
908 1538 1079 1580 periculum
1104 1526 1304 1570 com'mutan-

149 1596 260 1626 dorum
287 1595 407 1626 articuli
431 1606 580 1636 generum
609 1596 709 1626 facere
740 1595 888 1636 potuerit.
937 1594 1017 1627 Quis
1051 1595 1133 1626 enim
1165 1605 1302 1636 unquam

146 1651 291 1683 librarius
320 1648 354 1682 τό
383 1662 440 1692 pro
479 1648 542 1689 τούς
572 1651 603 1681 in
635 1650 833 1682 membranas
857 1650 1079 1682 introduxerit!
1106 1649 1211 1692 ltaque
1235 1650 1303 1692 jam

147 1719 230 1738 nune
249 1707 364 1738 Stabrii
382 1707 410 1737 in
430 1707 490 1737 hoc
515 1707 584 1738 loeo
602 1707 839 1748 interpretando
857 1707 1060 1748 sagacitatem
1078 1717 1140 1737 non
1158 1717 1301 1748 possum,

148 1763 221 1805 quin
247 1763 349 1794 mirer.
398 1763 553 1804 Venitque
578 1763 653 1794 mihi
677 1764 707 1794 in
734 1769 885 1801 mentem,
911 1769 943 1794 et
966 1763 1130 1804 Hegelium
1155 1773 1218 1793 non
1243 1762 1301 1794 mi-

147 1830 208 1850 nus
232 1819 406 1850 insolenter
429 1829 460 1849 es
485 1830 541 1859 pro
565 1820 708 1858 dasselbe,
736 1831 829 1861 quam
854 1819 1042 1850 Aristoteles
1066 1815 1100 1849 τό
1129 1829 1186 1860 pro
1217 1817 1301 1849 τοῦτο

147 1886 333 1916 usurpasse:
355 1875 418 1906 und
437 1875 596 1906 besonders
619 1876 667 1906 dze
697 1876 848 1917 bedic'rftiq
876 1876 961 1914 sind,
991 1875 1056 1906 und
1075 1885 1124 1906 um
1152 1885 1191 1906 es
1221 1875 1305 1906 nicht

146 1932 245 1963 hillen.
269 1949 313 1954 ——
342 1929 428 1971 χρεία
459 1929 562 1970 spelm)
592 1931 756 1971 Vulgatam
789 1930 866 1972 φιλῳ
893 1931 959 1972 jam
988 1930 1062 1962 inde
1092 1942 1109 1961 a
1139 1930 1240 1962 Zellio
1268 1930 1300 1961 in

148 1986 236 2025 φίλων
261 1993 412 2018 mutatam
437 1986 524 2017 solus
549 1984 607 2025 Oh,
632 1992 664 2018 et
689 1987 909 2019 Wilkinsonus
933 1987 1001 2018 sine
1030 1986 1180 2018 varietate
1212 1985 1299 2018 codi-

147 2054 229 2075 cum.
254 2061 297 2066 —
323 2042 420 2082 in'cre)
443 2043 513 2074 Hoc
536 2042 620 2074 enim
647 2043 765 2074 homini
790 2055 853 2074 non
878 2049 927 2074 est
955 2042 1104 2074 naturale.

236 2098 335 2129 ων.
359 2098 435 2129 xn.
483 2097 513 2143 ς.
539 2099 567 2131 1.
614 2090 720 2138 dmg)
744 2097 847 2137 λεπάς
873 2099 921 2137 El,
944 2098 1138 2131 cardweuus
1162 2103 1194 2130 et
1213 2097 1298 2130 Bek-

145 2154 239 2186 kerus
264 2155 327 2186 suis
353 2166 369 2186 e
395 2155 564 2187 codicibus.
595 2172 628 2178 —-
657 2149 674 2196 ἡ
698 2150 845 2197 ὸέἰνέργεια
873 2154 975 2195 γίνεται
999 2150 1100 2196 αὐτῆς)
1123 2154 1186 2186 Pro
1213 2149 1299 2195 αὐτῆς
