1439 2342
498 101 570 127 Libri
595 102 612 127 l.
655 101 720 135 Cup.
743 101 780 127 1v
802 101 856 134 (ll).
1203 98 1247 133 21

95 217 127 243 et
150 210 336 253 analyticam
362 211 545 243 methodum
562 220 791 252 nuncupamus,
827 210 1067 242 Demonstratio
1082 221 1139 252 per
1155 210 1251 252 syllo-

94 267 212 309 gismos
236 278 254 298 a
277 266 456 308 principiis,
486 266 628 298 inductio
658 266 696 297 ad
719 266 873 307 principia
900 266 1118 308 proficiscitur.
1165 266 1251 298 Ana-

94 323 169 364 lysis
193 332 307 364 nempe
338 333 356 352 a
379 321 586 363 singularibus
616 321 656 352 ad
684 321 872 353 universalia
903 322 1062 360 ascendit,
1093 322 1252 363 synthesis

95 384 204 410 contra
227 377 266 409 ab
288 376 516 408 universalibus
541 377 580 408 ad
605 377 772 418 singularia
788 377 962 409 descendit.
1000 379 1122 409 Neutra
1144 383 1252 410 tamen

95 433 245 466 methodo
261 432 450 464 Aristoteles
473 444 549 464 usus
573 438 623 464 est
646 444 769 464 summa
791 443 895 464 rerum
918 433 1072 474 principia
1095 434 1125 464 in
1146 434 1252 466 Meta-

93 489 232 531 physicis
256 489 492 530 contemplans,
524 499 595 520 eum
618 488 787 530 principia,
819 488 845 519 si
869 488 1079 519 demonstrari
1108 495 1252 530 possent,

88 547 154 587 jam
178 556 242 576 non
266 550 374 577 essent
396 545 565 586 principia3
591 545 647 576 sed
671 555 711 575 ne
734 544 927 585 experientia
950 543 1076 586 quidem
1100 544 1254 587 principia

93 602 219 643 gignere
243 606 361 642 potest,
385 600 526 643 quamvis
551 606 644 632 acuat
666 600 787 639 oculos,
811 605 847 631 ut
862 600 946 631 dicet
967 600 1047 632 infra
1070 600 1137 640 (VI,
1154 612 1181 632 c.
1200 601 1252 639 11,

94 658 122 698 ξ.
147 658 189 697 6),
214 657 254 687 ad
277 657 478 698 percipienda
502 656 663 698 principia.
704 656 776 697 Ipsa
799 656 892 697 igitur
916 666 971 697 per
995 667 1029 687 se
1050 661 1083 688 et
1104 668 1161 688 sua
1183 657 1253 688 luce

94 713 280 744 clarescunt.
306 733 349 738 --
373 709 505 752 Πλάτων)
538 714 588 743 Ne
612 712 662 744 hic
686 723 757 743 eum
781 712 911 743 Mureto
941 712 1072 753 aliisque
1096 713 1135 743 de
1159 709 1252 753 ἀγρά-

93 774 157 807 φοις
182 766 306 811 δόγμασι
338 768 479 800 Platonis
504 768 695 809 cogitemus3
727 773 851 808 spectat
875 768 958 798 enim
981 767 1170 799 Aristoteles
1194 779 1253 799 no·

93 825 251 857 tissimum
275 825 417 856 Platonis
440 825 544 855 locum
573 824 605 855 in
628 824 691 855 fine
713 823 783 854 libri
805 823 857 854 VI.
882 823 921 854 de
946 823 1136 864 Republica,
1168 824 1253 866 quod

93 887 126 912 et
148 881 282 912 Zellium
305 881 394 922 fugit.
420 899 459 904 —
486 877 602 919 ἀρκτέον
625 879 673 922 μὲν
695 876 762 920 γάρ)
794 879 851 918 „In
876 879 1043 921 cujuslibet
1065 879 1110 911 rei
1137 884 1251 910 tracta-

93 937 214 972 tione‚“
238 937 341 978 inquit
356 937 513 975 Muretus,
536 936 748 975 „ordiendum
769 940 819 966 est
835 947 852 966 a
868 935 1076 967 clarioribus“
1098 940 1131 967 et
1154 936 1252 977 magis

93 992 195 1023 notis:
229 988 266 1022 rai
290 991 374 1033 σαφῆ
397 996 521 1029 autem,
548 992 722 1023 secundum
746 991 962 1029 Eustratium,
994 993 1039 1022 δεῖ
1058 994 1252 1032 προηγεῖσθαι

95 1049 147 1078 τῶν
171 1045 303 1086 εἷσαῲῶι.
339 1047 392 1079 Sic
412 1048 531 1079 Noster
554 1047 585 1077 in
598 1048 681 1088 Top.
699 1047 750 1085 Vl,
775 1048 812 1080 ll:
837 1046 1001 1088 γνωρίζομεν
1023 1043 1048 1078 δ”
1073 1044 1122 1078 οὐκ
1147 1048 1176 1078 ἐκ
1200 1047 1253 1078 τῶν

94 1101 252 1144 τυχόντων,
279 1100 342 1134 ἀλλ’
367 1103 395 1134 ἐκ
422 1102 474 1134 τῶν
503 1102 644 1142 προτέρων
674 1101 721 1133 καὶ
751 1102 976 1144 γνωριμωτέρων.
1024 1103 1252 1141 Quamobrem,

93 1160 121 1190 si
151 1159 281 1191 clariora
317 1164 349 1190 et
379 1159 478 1200 magis
513 1163 589 1189 nota
619 1159 785 1199 dupliciter
813 1159 960 1189 dicuntur
996 1160 1122 1200 (nempe
1156 1159 1253 1190 modo

93 1214 297 1253 universalia,
333 1215 429 1246 modo
458 1214 626 1256 singularia
660 1213 759 1255 magis
789 1219 866 1245 nota
897 1215 994 1254 sunt),
1031 1225 1126 1246 causa
1157 1215 1252 1246 etiam

93 1276 199 1303 exstat
222 1271 398 1309 sufficiens,
427 1281 481 1302 eur
502 1270 533 1300 in
558 1269 686 1311 singulis
711 1269 851 1301 scientiis
876 1270 957 1301 hane
979 1270 1104 1301 illamve
1126 1270 1253 1301 metho-

95 1327 171 1358 dum
196 1326 345 1358 adhibere
369 1326 551 1358 debeamus.
598 1326 686 1357 Haec
710 1330 816 1356 autem
841 1326 883 1356 ita
907 1336 942 1357 se
965 1325 1092 1364 habere,
1117 1337 1252 1368 sequen-

94 1383 138 1414 tia
162 1383 343 1414 ostendent.
363 1400 402 1407 —
420 1381 513 1413 ταῦτα
537 1381 567 1413 ὁὲ
591 1381 702 1422 διττῶς)
727 1378 852 1423 γνώριμα
877 1377 974 1419 ἁπλῶς
999 1386 1074 1413 sunt
1088 1382 1251 1424 principia,

95 1438 299 1477 universalia3
317 1450 353 1470 ea
366 1438 449 1469 enim
467 1444 541 1469 sunt
556 1449 613 1479 per
625 1448 659 1468 se
672 1438 807 1468 maxime
823 1442 910 1475 nota,
928 1449 1022 1479 quare
1036 1437 1074 1468 ab
1082 1438 1253 1469 Aristotele

97 1495 203 1536 (Phys.
219 1495 242 1533 Ι,
262 1494 290 1534 1)
309 1494 403 1525 etiam
428 1491 512 1533 φύσει
532 1491 731 1536 γνωριμώτερα
755 1498 924 1524 vocantur:
949 1490 1073 1535 γνώριμα
1095 1489 1157 1535 ἡμῖν
1180 1499 1255 1524 sunt

95 1562 146 1582 res
177 1550 366 1591 singulares,
407 1562 483 1591 quas
520 1550 666 1581 sensibus
697 1549 899 1590 percipimus.
952 1548 1079 1590 Itaque,
1112 1549 1253 1590 quamvis

93 1606 233 1647 cognitio
256 1611 362 1637 rerum
392 1606 587 1637 sensibilium
618 1605 660 1636 sit
681 1604 799 1636 facilior
823 1604 914 1635 nobis
945 1608 976 1635 et
999 1604 1093 1645 primi
1120 1605 1160 1635 ad
1183 1616 1253 1636 eam

96 1663 243 1700 feramur,
266 1662 438 1703 vulgusque
463 1662 568 1703 ipsum
585 1673 623 1693 ea
641 1673 706 1692 non
729 1666 834 1692 careat
851 1660 1005 1701 (Metaph.
1025 1660 1048 1698 Ι,
1065 1661 1120 1699 2):
1147 1665 1253 1692 tamen

97 1718 200 1748 minus
225 1718 374 1749 scientiae
398 1723 430 1748 et
453 1718 593 1749 veritatis
616 1717 647 1748 in
671 1716 764 1748 rebus
789 1715 987 1748 sensibilibus
1010 1716 1105 1754 inest,
1130 1721 1163 1747 et
1185 1721 1253 1747 tum

97 1774 224 1805 demum
249 1774 328 1805 scire
353 1778 517 1814 putamur,
549 1773 575 1804 si
599 1772 801 1810 universalia,
826 1772 1007 1803 difficillima
1030 1772 1159 1813 cognitu
1183 1777 1215 1804 et
1237 1784 1255 1803 a

96 1830 241 1861 sensibus
265 1829 486 1867 remotissima,
511 1829 761 1870 perceperimus3
793 1839 854 1870 quo
879 1828 931 1867 fit,
960 1833 996 1859 ut
1018 1828 1254 1870 principiorum,

97 1887 212 1927 quippe
245 1897 324 1927 quae
353 1896 418 1916 non
458 1881 519 1926 ἡμῖν
548 1882 753 1926 γνωμιρώτατα
785 1884 865 1922 sint,
902 1884 961 1915 etsi
992 1880 1090 1922 ἅπλῶς
1121 1879 1140 1925 ἢ
1170 1881 1254 1923 φύσει

98 1939 318 1983 mancipiorum,
342 1941 514 1972 admodum
538 1941 646 1982 pauci,
671 1941 691 1971 ii
714 1951 840 1981 nempe,
865 1940 917 1981 qui
941 1939 1079 1971 divinam
1101 1944 1255 1981 quaerunt

98 1997 342 2035 beatitudinem,
374 1997 393 2027 i.
419 2008 446 2028 e.
471 1997 647 2037 sapientes,
677 1996 847 2038 participes
867 1996 955 2027 fiant.
1002 1995 1158 2036 Principia
1180 2005 1255 2026 vero

97 2054 169 2084 ideo
201 2050 399 2094 γνωριμώτερα
429 2058 519 2090 sunt,
554 2052 639 2094 quod
668 2053 767 2093 ipsius
798 2051 894 2083 animi
929 2056 1073 2082 naturam
1104 2050 1254 2087 efficiunt,

99 2109 300 2151 singularium
331 2113 438 2140 autem
469 2119 573 2139 rerum
609 2108 746 2149 cognitio
776 2120 815 2139 ex
843 2106 980 2139 fortuitis
1009 2106 1255 2148 uniuscujusque

99 2164 356 2206 perceptionibus
386 2164 512 2205 pendet.
566 2164 750 2206 Opponitur
779 2164 857 2195 haec
889 2162 1068 2194 Aristotelis
1099 2162 1256 2194 sententia
