1439 2342
147 93 222 130 310
423 93 603 120 commentar.
625 90 659 118 ad
680 90 787 119 Aristot.
808 89 895 118 Ethie.
916 90 1021 119 Nicom.

148 203 229 236 teles
250 206 374 234 tantum
400 200 439 232 de
461 200 531 241 ipsa
553 199 750 238 tradidisset,
782 204 933 242 quantum
957 199 1130 242 pertineret
1158 201 1199 233 ad
1226 211 1304 234 eon-

149 259 328 296 tinentiam,
345 256 606 288 incontinentiam
624 256 823 298 reliquosque
840 256 965 289 habitus
983 257 1181 299 aperiendos,
1198 267 1305 296 „nuno

150 326 258 347 rursus
283 314 321 345 de
345 313 508 354 voluptate
532 311 694 354 praecipit,
719 312 792 354 quia
815 312 858 344 ita
882 318 931 345 est
951 313 1084 346 finitima
1107 311 1304 352 beatitudini,

150 377 186 403 ut
209 369 352 402 nonnulli
377 380 471 400 unam
489 368 685 411 eandemque
705 368 813 400 ambas
831 379 900 401 esse
918 370 1159 407 existimarint.“
1181 369 1306 411 Nempe

151 438 222 460 cum
247 425 409 457 beatitudo
434 424 474 455 sit
497 424 650 466 operatio,
675 425 893 466 operationem
925 431 1030 458 autem
1053 435 1307 468 unamquamque

152 495 209 515 sua
231 481 373 524 perficiat
396 481 540 521 voluptas
566 481 620 519 (cf.
646 481 724 512 infra
748 493 774 512 c.
799 482 830 519 4,
855 481 881 523 ξ.
908 480 1001 520 6-9),
1033 482 1071 514 de
1094 483 1258 524 voluptate
1280 481 1307 514 is

152 538 321 572 commode
351 536 588 579 praemonebit,
619 536 671 579 qui
709 537 748 569 de
781 537 976 570 beatitudine
1013 539 1213 580 expositurus
1248 542 1307 569 est.

152 596 295 637 Uterque
318 599 423 625 tamen
449 598 601 625 tractatus
624 604 689 624 non
713 593 818 632 alium,
847 598 996 636 tanquam
1022 594 1230 636 pedissequus
1255 598 1309 624 aut

152 661 349 695 praecursor,
373 649 513 690 respicit,
538 650 593 681 sed
617 650 647 680 in
682 660 715 681 se
746 655 795 681 est
823 654 912 681 totus
942 655 974 681 et
1004 650 1166 681 absolutus
1199 649 1308 692 suique

152 708 251 750 ipsius
283 718 377 739 causa
405 706 605 748 propositus;
635 706 758 737 etiamsi
788 717 805 738 e
837 706 1047 748 dispositione
1078 706 1175 738 totius
1206 705 1310 747 operis

155 765 209 803 (cf.
235 774 330 806 supra
353 763 393 794 ad
417 763 438 800 1,
465 774 492 793 c.
518 763 547 800 7,
570 762 600 803 §-
630 762 688 801 16;
720 767 752 794 et
777 763 814 794 ad
839 762 904 801 Vll,
929 773 955 794 c.
984 763 1012 802 1,
1037 763 1064 804 ξ.
1093 764 1125 803 1)
1150 766 1310 804 appareat,

154 822 237 853 hunc
261 825 405 852 nostrum
430 819 560 850 alterum
586 819 626 850 de
650 819 812 860 voluptate
835 823 1011 859 gtractatum
1040 819 1224 860 praesertim
1257 829 1311 850 na-

155 882 242 910 ctum
273 877 369 908 fuisse
394 887 485 907 suum
510 876 614 907 locum
643 875 866 907 necessarium.
921 875 1084 907 Praeclare
1115 875 1311 907 Eustratius:

156 930 216 965 ἐπεὶ
241 925 286 964 οὖν
309 929 357 963 καὶ
382 926 454 973 αὕτη
479 928 496 972 ἡ
520 930 572 962 τοῦ
595 930 640 963 νοῦ
664 931 781 972 ἐνέργεια
805 928 870 973 μεθ’
896 927 1003 973 ἡδονῆς,
1027 929 1074 963 καὶ
1091 930 1187 963 ἴσασιν
1205 927 1313 970 ὁποίας,

156 984 191 1028 ὥς
217 993 303 1030 φησιν
327 984 341 1019 ὅ
367 989 519 1026 Πλωτῖνος,
544 987 569 1018 οἳ
593 985 776 1029 ἐνεργηκότες,
801 985 951 1029 ἀναγκαῖον
975 985 1110 1027 πρότερον
1129 985 1192 1029 περὶ
1215 984 1313 1029 ἡδονῆς

157 1044 392 1085 ἐπισκέψασθαι.
417 1062 460 1067 —
485 1040 554 1083 πρὸς
586 1040 635 1084 τὴν
666 1043 717 1074 τοῦ
749 1036 838 1085 ἤθους,
865 1040 972 1084 ἀρχήν)
997 1043 1050 1076 Sic
1073 1044 1144 1083 Par,
1169 1041 1226 1082 Kb,
1250 1041 1313 1082 Mb,

156 1100 214 1140 Nb,
238 1105 329 1132 vetus
359 1100 489 1132 Victorii
512 1099 612 1131 codex
637 1099 695 1138 (ita
719 1105 753 1131 ut
777 1100 826 1131 hic
839 1100 964 1142 quidem
977 1100 1113 1132 Krischii
1137 1101 1316 1142 conjectura

158 1159 198 1190 de
221 1155 266 1190 Lb
291 1167 356 1188 non
382 1157 595 1194 confirmetur,
619 1156 680 1187 nisi
704 1156 781 1198 sigla
805 1156 947 1188 codicum
979 1156 1157 1188 Bekkerum
1188 1167 1314 1199 permu-

157 1220 243 1247 tasse
268 1213 455 1256 putaveris),
481 1213 559 1244 alius
583 1213 614 1243 in
643 1212 792 1254 margine.
839 1213 1005 1254 Vulgatam
1032 1210 1147 1254 (ἂρετήν
1178 1223 1236 1255 pro
1260 1209 1315 1254 ἆρ-

158 1268 240 1312 χήν),
267 1281 372 1312 quam,
399 1268 574 1301 Cardwello
600 1279 713 1310 meque
738 1268 888 1310 exeeptis,
914 1279 1025 1300 omnes
1049 1269 1185 1300 editores
1218 1269 1315 1301 dede—

157 1332 241 1365 runt,
266 1325 417 1358 exhibent
439 1325 532 1366 igitur
555 1325 642 1363 Vrat,
669 1323 724 1364 Hb,
748 1323 803 1363 Lb,
822 1323 879 1363 Ob,
897 1325 976 1363 Ven,
1003 1325 1224 1357 VVilkinsonus
1249 1325 1317 1357 sine

158 1388 235 1415 nota
261 1383 384 1421 critica3
408 1392 467 1413 nee
492 1391 556 1412 non
581 1386 705 1422 praeter
727 1380 781 1412 *A
806 1380 881 1419 (Lb)
905 1381 967 1412 mei
990 1381 1110 1423 reliqui,
1135 1382 1172 1420 B,
1195 1381 1233 1420 C,
1257 1381 1318 1413 nisi

159 1439 244 1482 quod
276 1440 307 1470 in
339 1439 383 1477 B,
413 1443 447 1469 ut
479 1436 587 1469 scribit
619 1437 780 1476 Millerus,
810 1447 935 1475 „novae
960 1437 1163 1470 correctionis
1186 1437 1318 1480 vestigia

160 1494 409 1536 deprehendis.“
466 1493 694 1535 paraphrastes
732 1499 840 1536 aperte
878 1499 1019 1526 nostram
1049 1494 1217 1526 lectionem
1247 1494 1317 1526 illu—

135 1545 138 1553 *
161 1556 240 1584 strat
262 1548 330 1592 πρός
355 1547 403 1592 τὴν
429 1549 528 1591 κτῆσιν
552 1549 600 1591 τῆς
625 1547 727 1591 ἠθικῆς
752 1547 870 1592 ἀρετῆς,
895 1562 967 1582 nam
992 1548 1061 1591 πρὸς
1084 1547 1131 1592 τὴν
1155 1549 1206 1581 τοῦ
1229 1541 1318 1592 ἤθους

161 1605 254 1649 ἀρχήν
279 1612 329 1639 est
352 1608 394 1638 ad
417 1607 613 1648 acquirendos
635 1606 684 1637 vel
711 1607 876 1647 qiynemios
905 1617 1011 1639 mores.
1058 1606 1239 1638 Eustratius
1268 1611 1316 1639 ta-

161 1675 245 1702 men,
258 1663 466 1705 Paraphrasin
491 1668 565 1694 ante
589 1663 698 1694 oculos
723 1662 842 1695 habens
868 1663 966 1694 solam
983 1663 1117 1704 explicat
1139 1662 1316 1704 vulgatam:

161 1714 250 1762 ἤθους
280 1717 381 1761 ἀρετὴν
413 1717 494 1751 εἰπών
519 1715 605 1760 αὐτὴν
633 1715 679 1760 τὴν
711 1715 821 1760 ἀρετήν·
853 1715 888 1757 ὡς
918 1719 943 1750 εἰ
971 1716 1064 1759 ἔλεγε,
1100 1721 1182 1750 δοκεῖ
1208 1718 1238 1750 ὁὶ
1269 1716 1317 1750 καὶ

162 1774 232 1817 πρὸς
264 1773 310 1816 τὴν
344 1776 390 1816 τῆς
420 1772 524 1816 ἠθικῆς
555 1772 655 1816 ἀρετῆς
680 1774 788 1816 κτῆσιν.
846 1775 1061 1807 Nihilominus
1093 1786 1131 1807 ex
1161 1775 1219 1807 hac
1249 1775 1317 1817 ipsa

162 1832 293 1864 forsitan
306 1831 534 1872 Paraphrastae
560 1830 818 1872 interpretatione
841 1823 930 1872 ἤθευ,
954 1827 1054 1873 ἀρετήν
1077 1831 1108 1862 in
1122 1835 1243 1862 textum
1267 1836 1318 1863 tot

163 1889 307 1921 codicum
332 1887 457 1929 irrepsit
481 1887 575 1918 etiam
602 1887 888 1925 Eustratianorum,
913 1892 944 1919 et
971 1893 1108 1919 veterem
1140 1887 1318 1919 obliteravit

164 1945 343 1978 lectionem.
392 1943 473 1976 Quis
502 1943 602 1980 enim,
635 1954 768 1984 quaeso,
799 1943 957 1985 vulgatam
987 1943 1192 1981 correxisset,
1223 1954 1316 1985 quam

163 2002 308 2044 primitus
340 1999 529 2037 invenisset,
561 2010 631 2030 cum
664 1999 819 2030 contraria
849 1998 1004 2031 correctio
1035 1999 1111 2030 satis
1147 1998 1316 2040 probabilis

165 2063 197 2090 et
219 2057 250 2089 in
275 2056 383 2089 codice
409 2057 434 2088 B
458 2055 551 2087 etiam
577 2054 741 2086 manifesta
771 2055 829 2086 sit?
861 2055 996 2087 Sensum
1021 2066 1097 2087 sane
1120 2055 1217 2097 ipsius
1248 2055 1315 2097 qui-

166 2115 238 2145 dem
263 2113 323 2145 loci
347 2113 471 2154 vulgata
495 2122 558 2143 non
584 2111 704 2149 turbat3
731 2112 786 2143 sed
810 2111 852 2143 ita
877 2111 1012 2144 scribere
1036 2123 1098 2143 non
1115 2111 1220 2153 potuit
1244 2110 1315 2143 Ari-

167 2170 309 2208 stoteles,
332 2180 403 2201 cum
426 2169 458 2200 in
485 2167 689 2211 sequentibus
712 2168 805 2210 plane
828 2168 914 2201 idem
944 2168 1063 2201 diceret
1089 2164 1179 2210 ῥοπὴν
1210 2165 1314 2209 ἔχοντα
