1439 2342
180 89 227 124 36
456 89 634 114 Commentar.
662 85 694 111 nd
717 85 826 112 Arintot.
848 85 934 112 Ethic.
957 85 1062 112 Nicom.

182 196 366 230 substantia.
402 193 628 226 Difficillimum
645 198 694 224 est
709 191 895 234 intelligere,
919 192 1090 234 quomodo,
1114 193 1189 224 dum
1205 192 1336 224 scientia

181 253 282 285 omnis
307 248 525 281 universalium
551 254 618 286 est,
650 254 682 279 et
705 258 809 279 rerum
833 247 986 290 principia
1008 248 1071 279 sint
1093 248 1281 280 universalia
1303 255 1335 280 et

183 305 375 339 substantiae
399 310 505 335 tamen
537 315 601 334 non
625 306 824 344 separataef‘
868 303 960 335 Hanc
989 309 1095 335 autem
1118 303 1335 336 difficultatem

182 361 369 395 Aristoteles
387 359 541 400 (Metaph.
558 359 639 396 XIII,
662 358 788 398 10)11oc
812 359 907 390 modo
931 359 1010 391 solvi
1033 370 1129 401 posse
1153 359 1334 391 contendit:

182 417 354 458 „Quodam
385 415 510 456 quidem
543 414 638 446 modo
668 424 794 452 verum,
829 415 914 456 quod
943 415 1071 454 dicitur,
1102 420 1168 453 est,
1199 415 1335 457 quodam

183 479 287 506 autem
317 471 412 503 modo
443 482 505 502 non
537 481 656 502 verum.
703 469 842 501 Scientia
871 481 1022 512 namque,
1058 471 1140 502 sicut
1170 475 1202 503 et
1231 471 1335 512 ipsum

184 530 280 566 seire,
305 527 422 569 duplex
443 531 492 558 est
500 539 508 565 ;
533 536 667 567 quorum
692 525 775 557 aliud
797 526 951 567 potentia,
975 527 1059 558 aliud
1083 531 1155 558 actu
1177 531 1236 558 est.
1272 527 1335 558 Po-

183 585 281 617 tentia
309 583 418 624 igitur‚
454 592 525 612 curn
552 581 593 612 sit
621 586 771 622 tanquam
805 582 936 613 materia
964 581 1062 623 ipsius
1092 581 1276 613 universalis
1305 587 1337 613 et

183 639 353 676 indefinita,
378 636 562 668 universalis
585 637 803 679 indefinitique
819 642 886 676 est;
910 642 1000 669 actus
1018 648 1094 670 vero
1110 638 1336 669 determinatus

182 701 215 727 et
243 693 458 731 determinati,
489 703 560 724 curn
591 693 665 734 quid
696 693 737 724 sit
766 698 798 724 et
825 693 917 734 hujus
948 693 1088 735 alicujus.
1134 694 1252 725 Verum
1280 704 1337 735 per

183 750 327 783 accidens
362 748 449 780 videt
479 748 588 780 oculus
620 749 758 780 colorem
792 749 1018 787 universalem,
1053 748 1126 790 quia
1159 749 1210 780 hic
1239 749 1335 787 color,

184 817 276 848 quem
300 804 401 842 videt,
427 804 513 835 color
536 810 595 836 est.
641 804 724 835 Nam
749 804 774 835 si
798 815 929 836 necesse
953 810 1013 843 est,
1038 804 1189 846 principia
1211 805 1335 837 univer-

184 861 261 894 salia
291 871 378 899 esse,
409 870 540 891 necesse
571 865 637 898 est,
668 860 720 891 illa
744 871 886 902 quoque,
917 871 995 902 quae
1026 871 1064 892 ex
1087 860 1135 892 his
1158 861 1336 902 gignuntur,

183 916 369 949 universalia
392 926 479 954 esse3
504 915 589 957 quod
613 915 739 957 quidem
764 916 789 947 si
813 916 856 947 ita
879 922 939 954 est,
963 916 1041 946 nihil
1064 916 1123 947 erit
1145 921 1336 958 separatum,

184 984 223 1005 ne
255 971 431 1003 substantia
461 971 622 1012 quidem.“
673 971 784 1002 Insunt
812 971 905 1013 igitur
932 972 1119 1003 universalia
1147 972 1216 1013 ipsa
1243 971 1336 1003 rebus

185 1027 410 1070 singularibus,
446 1037 565 1068 suaque
598 1026 713 1057 virtute
749 1039 785 1057 ac
819 1031 930 1058 natura
963 1027 1195 1069 ingenerantur.
1251 1028 1337 1059 Haec

184 1090 289 1116 autem
312 1082 499 1114 universalia
527 1082 644 1113 formas
671 1078 718 1122 (τοὶ
743 1080 816 1123 εἴδη)
847 1093 950 1114 rerum
974 1083 1162 1114 Aristoteles
1190 1083 1336 1125 appellat,

185 1151 299 1182 easque
322 1139 480 1181 potentias
504 1143 607 1176 vocat,
632 1148 711 1179 quae
734 1137 765 1169 in
790 1138 918 1179 singulis
942 1144 1013 1170 actu
1037 1139 1186 1171 existunt.
1222 1139 1336 1181 Singu-

184 1198 232 1228 lae
255 1206 304 1227 res
329 1207 346 1226 a
368 1195 488 1233 formis,
512 1199 547 1225 ut
569 1194 709 1235 ipsarum
733 1193 928 1232 substantiis,
953 1195 1090 1236 separari
1112 1205 1176 1226 non
1201 1194 1336 1233 debent;

185 1257 373 1292 aeternaque
396 1251 449 1281 illa
473 1255 504 1281 et
527 1249 733 1281 immutabilia
754 1261 859 1282 rerum
884 1250 1074 1292 exemplaria
1103 1261 1168 1282 non
1193 1255 1337 1292 separata

184 1313 216 1339 et
247 1313 384 1345 semota,
421 1306 477 1337 sed
506 1316 563 1347 per
585 1317 689 1337 rerum
717 1310 861 1337 naturam
891 1307 1065 1344 transfusa,
1101 1306 1210 1338 itidem
1241 1305 1336 1337 animi

183 1362 402 1405 cognoscentis
432 1362 602 1393 essentiam
627 1361 783 1400 efficiunt,
814 1362 865 1403 qui
888 1373 990 1393 rerum
1015 1363 1131 1393 formas
1159 1362 1335 1404 percipiens

183 1419 374 1450 substantias
408 1428 510 1449 rerum
542 1418 643 1459 tangit
676 1423 709 1449 et
738 1428 776 1449 eo
806 1417 876 1459 ipso
906 1424 1054 1449 contactu
1082 1429 1132 1449 res
1160 1417 1191 1448 in
1219 1418 1335 1450 formas

185 1476 354 1516 cogitatas,
385 1474 404 1505 i.
435 1485 462 1505 e.
494 1473 700 1515 cogitationes
733 1474 887 1505 convertit
918 1474 974 1514 (cf.
1003 1473 1147 1515 Metaph.
1181 1473 1255 1511 XII,
1288 1474 1335 1514 7).

183 1531 280 1562 Addit
302 1531 394 1572 igitur
417 1529 536 1571 optime
553 1529 742 1560 Aristoteles
767 1529 858 1570 (XIII,
879 1529 948 1568 10):
972 1529 1243 1567 „Quodammodo
1267 1529 1336 1572 qui-

184 1587 257 1617 dem
282 1585 412 1616 scientia
436 1585 620 1616 universalis
645 1589 711 1623 est,
737 1585 971 1627 quodammodo
995 1596 1069 1617 vero
1093 1585 1257 1623 minime‚“
1279 1586 1336 1617 sed

184 1641 278 1672 etiam
315 1641 533 1681 singulariu¹11;
570 1652 684 1683 nempe
716 1641 903 1672 universalia
932 1652 996 1672 non
1032 1652 1049 1672 a
1077 1641 1170 1672 rebus
1205 1641 1335 1683 singulis

184 1695 391 1728 existentibus
424 1696 579 1727 abstracta
611 1702 698 1735 sunt,
731 1697 786 1729 sed
819 1708 890 1728 curn
914 1697 950 1728 iis
974 1702 1058 1728 arcte
1090 1702 1252 1728 concreta:
1287 1697 1335 1729 sin

182 1752 305 1789 minus,
334 1757 441 1782 essent
465 1751 589 1789 fictitia,
613 1763 710 1790 vana,
743 1758 776 1784 et
798 1753 961 1794 potentiae
983 1757 1123 1790 tantum,
1147 1764 1211 1783 non
1235 1757 1333 1785 aetus.

182 1806 370 1839 Aristoteles
399 1806 490 1846 igitur
521 1807 660 1838 idearum
693 1808 756 1847 (τῶν
786 1807 873 1849 εἰδῶν)
903 1808 1079 1840 doctrinam
1108 1818 1172 1839 non
1204 1808 1334 1850 respuit,

183 1863 239 1894 sed
262 1873 336 1893 vero
360 1873 429 1892 eain
456 1872 549 1892 sensu
574 1869 734 1903 acceptam
758 1864 852 1895 etiam
877 1863 1100 1901 corroboravit,
1123 1863 1238 1905 quippe
1261 1875 1333 1896 cum

182 1919 268 1950 ideas
305 1918 370 1948 sive
405 1918 520 1947 formas
556 1928 658 1948 rerum
694 1920 884 1961 cogitatione
922 1919 1120 1962 cogitationis
1152 1920 1184 1951 in
1221 1920 1332 1952 animis

182 1984 367 2015 expressas,
407 1973 534 2003 easdem
566 1983 623 2012 pro
659 1979 730 2005 actu
769 1975 975 2008 existentibus
1012 1987 1115 2007 rerum
1149 1975 1332 2008 substantiis

183 2029 336 2061 habuerit.

270 2085 298 2116 Τ
307 2095 323 2115 e
332 2084 380 2115 rti
389 2095 408 2114 ο
426 2084 645 2116 nonnullorum
658 2085 891 2117 Platonicorum
912 2087 1095 2129 opinionem
1107 2087 1250 2119 confutat
1260 2087 1330 2120 Ari-

182 2140 312 2172 stoteles
337 2140 491 2181 (Metaph.
517 2139 565 2179 ΠΙ,
591 2140 609 2173 2
635 2140 719 2179 fin.)‚
745 2142 796 2182 qui
821 2142 979 2175 dixerunt.
1005 2154 1063 2175 nec
1087 2154 1215 2185 prorsus
1238 2154 1330 2186 sepa·
1360 2136 1366 2142 ⁵
1393 2140 1401 2191 J
