1439 2342
495 81 566 108 Libri
588 81 608 108 1.
650 81 714 116 cap.
739 81 773 108 vi
795 81 862 115 (ιν).
1205 80 1251 115 37

95 194 178 220 ratas
203 199 273 221 esse
297 189 490 221 substantias
519 189 712 222 universales
736 202 754 221 a
778 190 1001 231 singularibus,
1034 201 1093 221 nec
1123 201 1251 232 prorsus

95 256 192 276 unum
217 250 250 276 et
271 245 354 277 idem
377 256 448 277 esse
472 244 516 276 ita
538 250 574 276 ut
596 245 783 278 universalia
807 245 997 288 cogitatione
1022 251 1145 277 tantum
1164 246 1250 288 vige-

94 306 175 332 rent.
223 301 404 333 Secundum
434 301 503 332 illos
527 301 616 333 ideae
640 307 672 333 et
695 301 836 334 inessent
866 302 1082 339 sensibilibus,
1116 308 1147 334 et
1170 301 1251 333 intra

94 356 145 387 illa
168 356 237 397 ipsa
252 356 292 387 ab
308 357 344 387 iis
365 361 600 397 separarentur3
626 368 664 388 ex
681 368 742 399 quo
767 357 950 389 absurdiora
973 358 1076 399 priore
1102 357 1251 399 opinione

95 417 337 453 consequantur,
361 423 493 444 necesse
509 418 568 444 est.
606 414 704 450 „Duo
721 413 822 444 solida
846 413 876 444 in
894 414 1007 444 eodem
1030 414 1100 445 loco
1120 424 1252 445 necesse

94 472 179 499 esset
202 478 282 499 esse.
330 469 400 499 Erit
422 480 558 510 namque
583 468 666 499 aliud
689 469 847 510 quoddam
872 469 996 500 coelum
1029 475 1154 510 praeter
1177 480 1250 501 coe-

92 523 173 560 lum,
200 523 261 554 nisi
284 524 368 565 quod
388 535 452 555 non
477 530 674 565 separatum,
698 525 754 556 sed
777 525 809 555 in
834 525 945 556 eodem
969 525 1057 563 loco;
1082 525 1166 566 quod
1191 525 1250 556 im-

92 578 272 620 possibilius
305 582 388 610 est.“
433 581 601 611 Praeterea
629 580 807 611 substantia
836 580 972 611 hominis
1003 580 1188 612 universalis
1218 588 1250 612 et

93 634 268 666 substantia
293 635 456 676 singularis
487 636 623 667 hominis
647 642 778 678 utraque
810 636 946 667 hominis
967 642 1098 668 naturae
1121 636 1249 678 partici-

92 697 196 732 paret3
229 697 314 722 esset
338 692 431 733 igitur
453 692 490 723 iis
521 693 696 723 communis
722 693 876 734 quaedam
900 693 986 730 idea,
1016 693 1084 731 vel,
1116 697 1152 724 ut
1175 692 1251 724 dicit

92 746 280 778 Aristoteles
306 747 462 788 (Metaph.
479 747 502 786 Ι,
528 748 571 787 9),
596 748 724 779 tertium
747 748 936 779 haberemus
960 748 1132 779 hominem.
1169 748 1249 780 Ter-

91 802 152 833 tius
182 802 233 834 ille
262 803 359 834 homo
389 815 459 835 cum
489 803 646 845 prioribus
676 809 708 835 et
731 803 800 845 ipse
824 803 958 845 aliquam
991 804 1121 835 haberet
1143 804 1248 835 ideam

91 869 292 889 communem
317 864 349 890 et
372 859 417 890 sic
439 859 470 890 in
495 859 663 898 infinitum,
686 866 722 891 ut
745 864 795 891 est
816 860 848 890 in
873 860 942 901 ipso
960 860 1102 891 Platonis
1119 860 1248 891 Parme-

92 914 174 953 nide,
198 925 230 956 p.
259 914 320 948 '132
346 918 392 956 (p.
420 915 492 953 14),
518 915 570 957 qui
589 916 655 957 jam
679 915 747 957 ipse
771 916 866 947 falsas
891 916 958 946 illas
983 915 1124 946 idearum
1150 915 1248 957 expli-

90 970 231 1002 cationes
255 980 318 1001 non
343 971 486 1011 agnoscit
511 972 646 1011 (Platon.
671 971 886 1009 Parmenides,
911 983 942 1012 p.
964 971 1024 1003 133
1049 983 1117 1013 sqq.
1145 971 1189 1012 [p.
1213 972 1249 1004 16

91 1026 204 1067 sqq.]).
247 1026 393 1067 Denique
417 1038 489 1058 cum
513 1038 576 1057 non
602 1027 849 1058 substantiarum
873 1032 997 1058 tantum
1020 1027 1107 1058 ideas
1131 1028 1249 1059 faceret

90 1082 192 1120 Plato,
218 1092 326 1112 verum
350 1083 463 1120 etiam,
488 1088 524 1114 ut
546 1094 630 1114 nunc
653 1083 825 1124 loquimur,
851 1082 1076 1120 accidentium,
1101 1088 1136 1113 ut
1160 1079 1249 1114 αύτο-

92 1136 207 1174 ὂίκαιεν,
232 1134 401 1175 miz-dualem
426 1135 611 1178 αὖτοιῖγαὲεν
635 1143 668 1169 et
690 1138 818 1180 reliqua,
845 1139 882 1169 de
908 1138 1019 1180 quibus
1044 1144 1094 1169 est
1116 1138 1147 1169 in
1171 1139 1249 1169 Par-

91 1193 232 1231 menide,
268 1204 331 1224 non
367 1193 448 1225 duae
482 1198 606 1225 tantum
643 1193 838 1225 substantiae
872 1205 936 1224 uno
969 1194 1144 1235 eodemque
1179 1194 1249 1225 loco

91 1254 215 1287 essent,
248 1249 304 1280 sed
332 1249 432 1280 multo
462 1249 564 1281 adhuc
592 1250 714 1291 plures:
746 1249 777 1280 in
801 1249 933 1281 Socrate
955 1261 1003 1281 ex.
1027 1261 1072 1291 gr.
1098 1249 1167 1280 idea
1191 1250 1248 1280 ho-

91 1305 182 1336 minis
213 1310 245 1336 et
274 1305 441 1336 animantis
471 1311 504 1337 et
533 1305 645 1336 eruditi
673 1310 705 1337 et
734 1305 795 1336 albi
825 1311 856 1336 et
888 1305 972 1336 boni.
1022 1306 1114 1338 Quae
1143 1305 1248 1337 onmia

91 1362 157 1393 fieri
180 1372 244 1392 non
268 1367 413 1403 possunt.

181 1418 208 1458 ξ.
239 1418 263 1448 l.
310 1417 447 1459 γινομένη,-
472 1415 625 1460 ζητῇσεως)
652 1420 738 1458 Vrat,
764 1419 957 1450 Cardwellus
984 1429 1021 1449 ex
1041 1416 1097 1456 Kb,
1122 1418 1248 1449 Bekke-

90 1485 143 1505 rus
159 1473 228 1504 sine
243 1478 320 1504 nota
336 1473 441 1505 critica
458 1471 600 1515 ζητήσεως
623 1475 772 1516 γινομένης.
789 1493 826 1498 -
846 1473 945 1513 φίλους
970 1466 1082 1513 ἆνόρας)
1107 1473 1249 1515 Intellige

90 1529 258 1561 Platonem
295 1534 327 1560 et
355 1529 547 1560 Platonicos.
603 1530 667 1562 Qui
702 1530 762 1561 hoc
793 1541 831 1561 ex
866 1531 936 1560 loco
971 1529 1097 1570 probari
1125 1534 1249 1570 putant,

89 1585 321 1617 Nicomachum
344 1585 524 1616 Aristotelis
554 1585 653 1616 filium
680 1585 773 1627 hujus
796 1585 866 1616 libri
890 1590 1051 1616 auctorem
1081 1596 1145 1616 non
1169 1596 1250 1623 esse,

91 1640 207 1682 quippe
239 1641 292 1681 qui
325 1646 400 1682 post
433 1646 594 1672 mortuum
621 1641 788 1673 Platonem
825 1646 917 1672 natus
949 1641 1007 1679 sit,
1041 1652 1106 1672 non
1135 1646 1249 1672 errant.

91 1696 155 1728 Sed
172 1696 428 1737 Theophrastum
452 1702 613 1728 auctorem
635 1708 700 1728 non
716 1702 930 1734 removerunt,
955 1707 1038 1735 cum,
1063 1701 1251 1738 anteaquam

91 1752 131 1783 ad
146 1751 351 1783 Aristotelem
376 1753 573 1791 accessisset,
596 1752 739 1784 Platonis
764 1753 875 1784 fuisset
897 1752 1031 1784 auditor.
1065 1752 1131 1783 Sed
1147 1752 1250 1783 omnis

92 1807 245 1839 dubitatio
269 1808 406 1846 tollitur,
432 1809 477 1848 si,
502 1813 537 1840 ut
561 1819 655 1850 supra
679 1808 813 1840 diximus
847 1809 888 1850 (p.
914 1809 964 1848 2),
988 1808 1177 1839 Aristoteles
1202 1812 1252 1839 est

91 1868 217 1902 auctor,
251 1864 492 1905 Theophrastus
528 1870 582 1895 aut
611 1864 823 1895 Nicomachus
862 1864 973 1895 editor.
1003 1883 1048 1887 —
1084 1861 1119 1894 τοὶ
1151 1863 1249 1903 cineta)

91 1920 177 1951 Male
203 1920 324 1951 Garve:
360 1921 431 1951 Das
460 1931 516 1951 uns
539 1921 715 1961 pe7·s‹⁰mlich
743 1921 942 1960 Anqelzende,
972 1920 1060 1961 quasi
1084 1925 1170 1951 esset
1192 1930 1250 1961 pro

93 1972 156 2013 τούς
180 1974 304 2014 οἰκείους,
322 1978 443 2008 amicos.
480 1976 544 2007 Sed
567 1975 620 2006 καί
638 1975 780 2017 impedit,
805 1976 973 2017 quominus
989 1975 1033 2006 ita
1049 1975 1250 2017 accipiamus.

93 2032 214 2063 Sensus
245 2035 310 2063 est:
350 2032 470 2062 Nostra
500 2031 642 2072 ipsorum
671 2031 798 2063 decreta
826 2031 950 2063 veritati
979 2031 1251 2072 posthabebimus,

93 2088 199 2119 nedum
227 2086 409 2119 amicorum.
437 2105 474 2110 —
509 2086 659 2129 προτιμᾷν)
690 2087 811 2119 Similia
841 2087 881 2118 de
910 2087 1052 2118 Homero
1082 2087 1250 2119 Platonem

93 2143 125 2175 in
148 2142 283 2185 Republ.
299 2143 340 2182 X,
364 2153 395 2184 p.
413 2143 476 2176 595
504 2143 546 2185 (p.
563 2142 639 2184 467)
665 2142 799 2175 dixisse:
826 2140 887 2174 ἀλλ’
914 2139 945 2173 οὔ
969 2139 1026 2182 πρό
1049 2156 1078 2183 γε
1104 2143 1151 2183 τῆς
1176 2140 1250 2183 ἀλη-
