<?xml version="1.0" encoding="UTF-8"?>
<!DOCTYPE html PUBLIC "-//W3C//DTD XHTML 1.0 Transitional//EN"
    "http://www.w3.org/TR/xhtml1/DTD/xhtml1-transitional.dtd">
<html xmlns="http://www.w3.org/1999/xhtml" xml:lang="en" lang="en">
 <head>
  <title>
</title>
<meta http-equiv="Content-Type" content="text/html;charset=utf-8" />
  <meta name='ocr-system' content='tesseract 3.04.00' />
  <meta name='ocr-capabilities' content='ocr_page ocr_carea ocr_par ocr_line ocrx_word'/>
</head>
<body>
  <div class='ocr_page' id='page_1' title='image "./ethicorumnicomac02arisuoft_0039.png"; bbox 0 0 1444 2322; ppageno 0'>
   <div class='ocr_carea' id='block_1_1' title="bbox 441 53 1195 89">
    <p class='ocr_par' dir='ltr' id='par_1_1' title="bbox 441 53 1195 89">
     <span class='ocr_line' id='line_1_1' title="bbox 441 53 1195 89; baseline 0.001 -8"><span class='ocrx_word' id='word_1_1' title='bbox 441 54 608 89; x_wconf 68' lang='lat' dir='ltr'>Conspectus</span> <span class='ocrx_word' id='word_1_2' title='bbox 629 53 692 80; x_wconf 84' lang='lat' dir='ltr'>libri</span> <span class='ocrx_word' id='word_1_3' title='bbox 711 54 771 81; x_wconf 80' lang='lat' dir='ltr'>vll.</span> <span class='ocrx_word' id='word_1_4' title='bbox 1091 54 1195 82; x_wconf 79' lang='lat' dir='ltr'>XXXV</span> 
     </span>
    </p>
   </div>
   <div class='ocr_carea' id='block_1_2' title="bbox 78 154 1204 2031">
    <p class='ocr_par' dir='ltr' id='par_1_2' title="bbox 106 154 1195 310">
     <span class='ocr_line' id='line_1_2' title="bbox 186 154 1193 191; baseline 0.001 -10"><span class='ocrx_word' id='word_1_5' title='bbox 186 155 282 190; x_wconf 81' lang='lat' dir='ltr'>agendi</span> <span class='ocrx_word' id='word_1_6' title='bbox 302 156 343 182; x_wconf 79' lang='lat' dir='ltr'>vel</span> <span class='ocrx_word' id='word_1_7' title='bbox 363 160 434 182; x_wconf 78' lang='lat' dir='ltr'>recta</span> <span class='ocrx_word' id='word_1_8' title='bbox 455 155 532 188; x_wconf 77' lang='lat' dir='ltr'>ratio,</span> <span class='ocrx_word' id='word_1_9' title='bbox 554 165 621 190; x_wconf 87' lang='lat' dir='ltr'>quae</span> <span class='ocrx_word' id='word_1_10' title='bbox 652 160 693 182; x_wconf 83' lang='lat' dir='ltr'>est</span> <span class='ocrx_word' id='word_1_11' title='bbox 722 155 840 191; x_wconf 78' lang='lat' dir='ltr'>optima,</span> <span class='ocrx_word' id='word_1_12' title='bbox 868 154 996 182; x_wconf 81' lang='lat' dir='ltr'>manserit</span> <span class='ocrx_word' id='word_1_13' title='bbox 1024 155 1193 191; x_wconf 81' lang='lat' dir='ltr'>incorrupta:</span> 
     </span>
     <span class='ocr_line' id='line_1_3' title="bbox 186 193 722 231; baseline 0.002 -10"><span class='ocrx_word' id='word_1_14' title='bbox 186 195 214 221; x_wconf 92' lang='lat' dir='ltr'>in</span> <span class='ocrx_word' id='word_1_15' title='bbox 235 196 425 231; x_wconf 76' lang='lat' dir='ltr'><strong>intemperante</strong></span> <span class='ocrx_word' id='word_1_16' title='bbox 446 204 500 222; x_wconf 92' lang='lat' dir='ltr'>non</span> <span class='ocrx_word' id='word_1_17' title='bbox 522 196 567 221; x_wconf 87' lang='lat' dir='ltr'>ita.</span> <span class='ocrx_word' id='word_1_18' title='bbox 589 197 611 229; x_wconf 83' lang='lat'>§.</span> <span class='ocrx_word' id='word_1_19' title='bbox 634 193 722 222; x_wconf 85' lang='lat'>3—5.</span> 
     </span>
     <span class='ocr_line' id='line_1_4' title="bbox 106 233 1195 270; baseline 0.001 -9"><span class='ocrx_word' id='word_1_20' title='bbox 106 233 131 261; x_wconf 82' lang='lat' dir='ltr'>d.</span> <span class='ocrx_word' id='word_1_21' title='bbox 153 233 268 270; x_wconf 82' lang='lat' dir='ltr'>Caput</span> <span class='ocrx_word' id='word_1_22' title='bbox 295 245 437 262; x_wconf 89' lang='lat' dir='ltr'>nonum:</span> <span class='ocrx_word' id='word_1_23' title='bbox 460 236 564 263; x_wconf 87' lang='lat' dir='ltr'>Solutiu</span> <span class='ocrx_word' id='word_1_24' title='bbox 586 240 688 270; x_wconf 77' lang='lat' dir='ltr'>quarm.</span> <span class='ocrx_word' id='word_1_25' title='bbox 710 236 824 262; x_wconf 76' lang='lat' dir='ltr'>Tollitur</span> <span class='ocrx_word' id='word_1_26' title='bbox 844 239 938 270; x_wconf 79' lang='lat' dir='ltr'>qum-ta</span> <span class='ocrx_word' id='word_1_27' title='bbox 966 238 992 261; x_wconf 91' lang='lat' dir='ltr'>et</span> <span class='ocrx_word' id='word_1_28' title='bbox 1013 236 1091 262; x_wconf 82' lang='lat' dir='ltr'>tertia</span> <span class='ocrx_word' id='word_1_29' title='bbox 1119 235 1195 262; x_wconf 83' lang='lat' dir='ltr'>dubi-</span> 
     </span>
     <span class='ocr_line' id='line_1_5' title="bbox 155 275 1117 310; baseline 0.002 -10"><span class='ocrx_word' id='word_1_30' title='bbox 155 277 230 302; x_wconf 74' lang='lat' dir='ltr'>tatio.</span> <span class='ocrx_word' id='word_1_31' title='bbox 253 276 293 302; x_wconf 84' lang='lat' dir='ltr'>De</span> <span class='ocrx_word' id='word_1_32' title='bbox 315 276 476 303; x_wconf 86' lang='lat' dir='ltr'>continentis</span> <span class='ocrx_word' id='word_1_33' title='bbox 497 280 521 302; x_wconf 89' lang='lat' dir='ltr'>et</span> <span class='ocrx_word' id='word_1_34' title='bbox 543 277 686 310; x_wconf 80' lang='lat' dir='ltr'>pertinacis</span> <span class='ocrx_word' id='word_1_35' title='bbox 708 277 894 302; x_wconf 76' lang='lat' dir='ltr'>convenientia</span> <span class='ocrx_word' id='word_1_36' title='bbox 915 280 940 301; x_wconf 91' lang='lat' dir='ltr'>et</span> <span class='ocrx_word' id='word_1_37' title='bbox 962 275 1117 303; x_wconf 76' lang='lat' dir='ltr'>differentia.</span> 
     </span>
    </p>

    <p class='ocr_par' dir='ltr' id='par_1_3' title="bbox 136 315 1196 428">
     <span class='ocr_line' id='line_1_6' title="bbox 136 315 1194 351; baseline 0 -9"><span class='ocrx_word' id='word_1_38' title='bbox 136 326 162 343; x_wconf 78' lang='grc' dir='ltr'>οι.</span> <span class='ocrx_word' id='word_1_39' title='bbox 185 315 360 342; x_wconf 82' lang='lat' dir='ltr'>Continentes</span> <span class='ocrx_word' id='word_1_40' title='bbox 381 320 406 342; x_wconf 84' lang='lat' dir='ltr'>et</span> <span class='ocrx_word' id='word_1_41' title='bbox 428 316 622 342; x_wconf 73' lang='lat' dir='ltr'>incontinentes</span> <span class='ocrx_word' id='word_1_42' title='bbox 644 317 749 350; x_wconf 85' lang='lat' dir='ltr'>proprie</span> <span class='ocrx_word' id='word_1_43' title='bbox 765 316 850 341; x_wconf 82' lang='lat' dir='ltr'>‹lietos</span> <span class='ocrx_word' id='word_1_44' title='bbox 872 325 930 342; x_wconf 87' lang='lat' dir='ltr'>esse</span> <span class='ocrx_word' id='word_1_45' title='bbox 952 325 1008 348; x_wconf 86' lang='lat' dir='ltr'>eos,</span> <span class='ocrx_word' id='word_1_46' title='bbox 1030 317 1117 351; x_wconf 92' lang='lat' dir='ltr'>quiin</span> <span class='ocrx_word' id='word_1_47' title='bbox 1132 325 1194 342; x_wconf 75' lang='lat' dir='ltr'>vero</span> 
     </span>
     <span class='ocr_line' id='line_1_7' title="bbox 186 356 1196 391; baseline 0.001 -10"><span class='ocrx_word' id='word_1_48' title='bbox 186 356 298 382; x_wconf 85' lang='lat' dir='ltr'>consilio</span> <span class='ocrx_word' id='word_1_49' title='bbox 326 360 479 390; x_wconf 75' lang='lat' dir='ltr'>permanent</span> <span class='ocrx_word' id='word_1_50' title='bbox 505 360 549 381; x_wconf 80' lang='lat' dir='ltr'>ant</span> <span class='ocrx_word' id='word_1_51' title='bbox 578 363 631 381; x_wconf 86' lang='lat' dir='ltr'>non</span> <span class='ocrx_word' id='word_1_52' title='bbox 661 359 829 390; x_wconf 75' lang='lat' dir='ltr'>permanent:</span> <span class='ocrx_word' id='word_1_53' title='bbox 859 357 903 390; x_wconf 89' lang='lat' dir='ltr'>qui</span> <span class='ocrx_word' id='word_1_54' title='bbox 940 357 965 382; x_wconf 89' lang='lat' dir='ltr'>in</span> <span class='ocrx_word' id='word_1_55' title='bbox 1001 356 1136 391; x_wconf 88' lang='lat' dir='ltr'>quolibet,</span> <span class='ocrx_word' id='word_1_56' title='bbox 1165 365 1196 383; x_wconf 87' lang='lat' dir='ltr'>ex</span> 
     </span>
     <span class='ocr_line' id='line_1_8' title="bbox 186 393 719 428; baseline 0.002 -7"><span class='ocrx_word' id='word_1_57' title='bbox 186 401 280 422; x_wconf 86' lang='lat' dir='ltr'>eventu</span> <span class='ocrx_word' id='word_1_58' title='bbox 302 400 405 422; x_wconf 82' lang='lat' dir='ltr'>tantuin</span> <span class='ocrx_word' id='word_1_59' title='bbox 427 396 463 421; x_wconf 85' lang='lat' dir='ltr'>ita</span> <span class='ocrx_word' id='word_1_60' title='bbox 484 396 624 421; x_wconf 82' lang='lat' dir='ltr'>nominari.</span> <span class='ocrx_word' id='word_1_61' title='bbox 647 396 670 428; x_wconf 82' lang='lat'>§.</span> <span class='ocrx_word' id='word_1_62' title='bbox 695 393 719 422; x_wconf 87' lang='lat'>1.</span> 
     </span>
    </p>

    <p class='ocr_par' dir='ltr' id='par_1_4' title="bbox 135 435 1197 588">
     <span class='ocr_line' id='line_1_9' title="bbox 135 435 1196 471; baseline 0 -9"><span class='ocrx_word' id='word_1_63' title='bbox 135 441 162 471; x_wconf 84' lang='grc' dir='ltr'>β.</span> <span class='ocrx_word' id='word_1_64' title='bbox 186 436 346 468; x_wconf 83' lang='lat' dir='ltr'>Pertinaces,</span> <span class='ocrx_word' id='word_1_65' title='bbox 368 436 416 462; x_wconf 91' lang='lat' dir='ltr'>etsi</span> <span class='ocrx_word' id='word_1_66' title='bbox 439 436 538 462; x_wconf 86' lang='lat' dir='ltr'>similes</span> <span class='ocrx_word' id='word_1_67' title='bbox 560 435 757 461; x_wconf 83' lang='lat' dir='ltr'>continentibus</span> <span class='ocrx_word' id='word_1_68' title='bbox 781 435 932 465; x_wconf 77' lang='lat' dir='ltr'>videantur,</span> <span class='ocrx_word' id='word_1_69' title='bbox 960 439 1049 461; x_wconf 77' lang='lat' dir='ltr'>tumen</span> <span class='ocrx_word' id='word_1_70' title='bbox 1078 435 1196 462; x_wconf 77' lang='lat' dir='ltr'>diversos</span> 
     </span>
     <span class='ocr_line' id='line_1_10' title="bbox 185 475 1196 511; baseline -0.001 -9"><span class='ocrx_word' id='word_1_71' title='bbox 185 484 252 507; x_wconf 79' lang='lat' dir='ltr'>esse,</span> <span class='ocrx_word' id='word_1_72' title='bbox 273 485 342 507; x_wconf 89' lang='lat' dir='ltr'>cum,</span> <span class='ocrx_word' id='word_1_73' title='bbox 364 477 467 502; x_wconf 83' lang='lat' dir='ltr'>etiamsi</span> <span class='ocrx_word' id='word_1_74' title='bbox 489 476 557 501; x_wconf 82' lang='lat' dir='ltr'>ratio</span> <span class='ocrx_word' id='word_1_75' title='bbox 579 476 654 501; x_wconf 81' lang='lat' dir='ltr'>aliter</span> <span class='ocrx_word' id='word_1_76' title='bbox 682 475 806 507; x_wconf 82' lang='lat' dir='ltr'>suadeat,</span> <span class='ocrx_word' id='word_1_77' title='bbox 834 475 979 509; x_wconf 77' lang='lat' dir='ltr'>cupiditate</span> <span class='ocrx_word' id='word_1_78' title='bbox 1008 480 1032 501; x_wconf 88' lang='lat' dir='ltr'>et</span> <span class='ocrx_word' id='word_1_79' title='bbox 1062 477 1196 511; x_wconf 62' lang='lat' dir='ltr'>voluptate</span> 
     </span>
     <span class='ocr_line' id='line_1_11' title="bbox 185 515 1197 551; baseline 0 -9"><span class='ocrx_word' id='word_1_80' title='bbox 185 517 256 551; x_wconf 83' lang='lat' dir='ltr'>capti</span> <span class='ocrx_word' id='word_1_81' title='bbox 278 517 304 542; x_wconf 92' lang='lat' dir='ltr'>in</span> <span class='ocrx_word' id='word_1_82' title='bbox 326 525 373 542; x_wconf 82' lang='lat' dir='ltr'>sun</span> <span class='ocrx_word' id='word_1_83' title='bbox 393 520 565 551; x_wconf 83' lang='lat' dir='ltr'>permaneant</span> <span class='ocrx_word' id='word_1_84' title='bbox 587 517 718 542; x_wconf 86' lang='lat' dir='ltr'>sententia</span> <span class='ocrx_word' id='word_1_85' title='bbox 741 515 1017 550; x_wconf 85' lang='lat' dir='ltr'>incontinentibusque</span> <span class='ocrx_word' id='word_1_86' title='bbox 1032 516 1123 550; x_wconf 84' lang='lat' dir='ltr'>potius</span> <span class='ocrx_word' id='word_1_87' title='bbox 1143 517 1197 542; x_wconf 85' lang='lat' dir='ltr'>sint</span> 
     </span>
     <span class='ocr_line' id='line_1_12' title="bbox 186 553 451 588; baseline 0.008 -7"><span class='ocrx_word' id='word_1_88' title='bbox 186 556 295 582; x_wconf 88' lang='lat' dir='ltr'>similes.</span> <span class='ocrx_word' id='word_1_89' title='bbox 317 558 342 588; x_wconf 87' lang='lat'>§.</span> <span class='ocrx_word' id='word_1_90' title='bbox 365 553 451 583; x_wconf 83' lang='lat'>2—3.</span> 
     </span>
    </p>

    <p class='ocr_par' dir='ltr' id='par_1_5' title="bbox 135 595 1196 670">
     <span class='ocr_line' id='line_1_13' title="bbox 135 595 1196 630; baseline -0.002 -7"><span class='ocrx_word' id='word_1_91' title='bbox 135 609 164 630; x_wconf 70' lang='grc' dir='ltr'>γ.</span> <span class='ocrx_word' id='word_1_92' title='bbox 186 596 239 625; x_wconf 83' lang='lat' dir='ltr'>Qui</span> <span class='ocrx_word' id='word_1_93' title='bbox 262 597 288 621; x_wconf 91' lang='lat' dir='ltr'>in</span> <span class='ocrx_word' id='word_1_94' title='bbox 310 597 380 622; x_wconf 85' lang='lat' dir='ltr'>mala</span> <span class='ocrx_word' id='word_1_95' title='bbox 401 597 532 622; x_wconf 81' lang='lat' dir='ltr'>sententia</span> <span class='ocrx_word' id='word_1_96' title='bbox 553 600 662 630; x_wconf 85' lang='lat' dir='ltr'>propter</span> <span class='ocrx_word' id='word_1_97' title='bbox 683 595 747 621; x_wconf 87' lang='lat' dir='ltr'>boni</span> <span class='ocrx_word' id='word_1_98' title='bbox 771 595 923 629; x_wconf 78' lang='lat' dir='ltr'>cupidinem</span> <span class='ocrx_word' id='word_1_99' title='bbox 950 603 1003 620; x_wconf 89' lang='lat' dir='ltr'>non</span> <span class='ocrx_word' id='word_1_100' title='bbox 1033 600 1196 630; x_wconf 72' lang='lat' dir='ltr'>permanent,</span> 
     </span>
     <span class='ocr_line' id='line_1_14' title="bbox 187 633 1196 670; baseline 0.001 -10"><span class='ocrx_word' id='word_1_101' title='bbox 187 644 270 670; x_wconf 83' lang='lat' dir='ltr'>neque</span> <span class='ocrx_word' id='word_1_102' title='bbox 280 637 484 670; x_wconf 81' lang='lat' dir='ltr'>intemperantes</span> <span class='ocrx_word' id='word_1_103' title='bbox 494 645 580 670; x_wconf 86' lang='lat' dir='ltr'>neque</span> <span class='ocrx_word' id='word_1_104' title='bbox 595 635 732 670; x_wconf 88' lang='lat' dir='ltr'>improbos</span> <span class='ocrx_word' id='word_1_105' title='bbox 744 644 829 670; x_wconf 86' lang='lat' dir='ltr'>neque</span> <span class='ocrx_word' id='word_1_106' title='bbox 844 636 1038 661; x_wconf 62' lang='lat' dir='ltr'>incontinentes</span> <span class='ocrx_word' id='word_1_107' title='bbox 1053 645 1119 661; x_wconf 84' lang='lat' dir='ltr'>esse.</span> <span class='ocrx_word' id='word_1_108' title='bbox 1132 637 1153 668; x_wconf 54' lang='grc' dir='ltr'>ᾗ.</span> <span class='ocrx_word' id='word_1_109' title='bbox 1170 633 1196 662; x_wconf 82' lang='grc'>4.</span> 
     </span>
    </p>

    <p class='ocr_par' dir='ltr' id='par_1_6' title="bbox 137 672 1196 708">
     <span class='ocr_line' id='line_1_15' title="bbox 137 672 1196 708; baseline -0.001 -7"><span class='ocrx_word' id='word_1_110' title='bbox 137 673 162 704; x_wconf 58' lang='grc' dir='ltr'>ὃ.</span> <span class='ocrx_word' id='word_1_111' title='bbox 185 676 383 702; x_wconf 86' lang='lat' dir='ltr'>Continentiam</span> <span class='ocrx_word' id='word_1_112' title='bbox 397 686 455 703; x_wconf 86' lang='lat' dir='ltr'>esse</span> <span class='ocrx_word' id='word_1_113' title='bbox 470 676 678 702; x_wconf 74' lang='lat' dir='ltr'>mediocritatem</span> <span class='ocrx_word' id='word_1_114' title='bbox 695 677 762 701; x_wconf 84' lang='lat' dir='ltr'>inter</span> <span class='ocrx_word' id='word_1_115' title='bbox 774 675 826 701; x_wconf 87' lang='lat' dir='ltr'>duo</span> <span class='ocrx_word' id='word_1_116' title='bbox 839 680 954 701; x_wconf 80' lang='lat' dir='ltr'>extrema</span> <span class='ocrx_word' id='word_1_117' title='bbox 963 676 1065 702; x_wconf 76' lang='lat' dir='ltr'>vitiosa.</span> <span class='ocrx_word' id='word_1_118' title='bbox 1078 676 1100 708; x_wconf 67' lang='grc' dir='ltr'>ξ.</span> <span class='ocrx_word' id='word_1_119' title='bbox 1110 672 1196 702; x_wconf 81' lang='grc'>5-6.</span> 
     </span>
    </p>

    <p class='ocr_par' dir='ltr' id='par_1_7' title="bbox 139 715 1197 791">
     <span class='ocr_line' id='line_1_16' title="bbox 139 715 1197 751; baseline -0.001 -9"><span class='ocrx_word' id='word_1_120' title='bbox 139 727 157 743; x_wconf 77' lang='grc' dir='ltr'>ε.</span> <span class='ocrx_word' id='word_1_121' title='bbox 189 715 254 742; x_wconf 83' lang='lat' dir='ltr'>Esse</span> <span class='ocrx_word' id='word_1_122' title='bbox 276 716 408 751; x_wconf 82' lang='lat' dir='ltr'>quandam</span> <span class='ocrx_word' id='word_1_123' title='bbox 438 715 639 742; x_wconf 83' lang='lat' dir='ltr'>similitudinem</span> <span class='ocrx_word' id='word_1_124' title='bbox 661 717 729 741; x_wconf 85' lang='lat' dir='ltr'>inter</span> <span class='ocrx_word' id='word_1_125' title='bbox 751 720 939 749; x_wconf 83' lang='lat' dir='ltr'>temperantem</span> <span class='ocrx_word' id='word_1_126' title='bbox 961 720 986 741; x_wconf 87' lang='lat' dir='ltr'>et</span> <span class='ocrx_word' id='word_1_127' title='bbox 1008 716 1197 746; x_wconf 84' lang='lat' dir='ltr'>continentem,</span> 
     </span>
     <span class='ocr_line' id='line_1_17' title="bbox 189 752 984 791; baseline 0.001 -11"><span class='ocrx_word' id='word_1_128' title='bbox 189 760 213 781; x_wconf 84' lang='lat' dir='ltr'>et</span> <span class='ocrx_word' id='word_1_129' title='bbox 236 757 302 782; x_wconf 71' lang='lat' dir='ltr'>ime·-</span> <span class='ocrx_word' id='word_1_130' title='bbox 324 757 542 791; x_wconf 83' lang='lat' dir='ltr'>intemperantem</span> <span class='ocrx_word' id='word_1_131' title='bbox 564 761 589 781; x_wconf 86' lang='lat' dir='ltr'>et</span> <span class='ocrx_word' id='word_1_132' title='bbox 611 756 828 781; x_wconf 74' lang='lat' dir='ltr'>incontinentem.</span> <span class='ocrx_word' id='word_1_133' title='bbox 850 756 872 787; x_wconf 69' lang='grc' dir='ltr'>ξ.</span> <span class='ocrx_word' id='word_1_134' title='bbox 895 752 984 782; x_wconf 62' lang='grc'>7-8.</span> 
     </span>
    </p>

    <p class='ocr_par' dir='ltr' id='par_1_8' title="bbox 107 794 1197 869">
     <span class='ocr_line' id='line_1_18' title="bbox 107 794 1197 831; baseline 0 -10"><span class='ocrx_word' id='word_1_135' title='bbox 107 804 127 822; x_wconf 86' lang='lat' dir='ltr'>e.</span> <span class='ocrx_word' id='word_1_136' title='bbox 151 794 262 829; x_wconf 74' lang='lat' dir='ltr'>Caput</span> <span class='ocrx_word' id='word_1_137' title='bbox 290 796 470 822; x_wconf 86' lang='lat' dir='ltr'>decimum:</span> <span class='ocrx_word' id='word_1_138' title='bbox 498 796 602 822; x_wconf 85' lang='lat' dir='ltr'>Solutio</span> <span class='ocrx_word' id='word_1_139' title='bbox 631 796 730 831; x_wconf 85' lang='lat' dir='ltr'>quinta.</span> <span class='ocrx_word' id='word_1_140' title='bbox 770 795 892 821; x_wconf 78' lang='lat' dir='ltr'>Secunda</span> <span class='ocrx_word' id='word_1_141' title='bbox 925 795 1056 820; x_wconf 79' lang='lat' dir='ltr'>dubitatio</span> <span class='ocrx_word' id='word_1_142' title='bbox 1089 796 1197 821; x_wconf 84' lang='lat' dir='ltr'>tollitur.</span> 
     </span>
     <span class='ocr_line' id='line_1_19' title="bbox 150 835 1137 869; baseline 0.001 -9"><span class='ocrx_word' id='word_1_143' title='bbox 150 835 321 862; x_wconf 73' lang='lat' dir='ltr'>prudentiam</span> <span class='ocrx_word' id='word_1_144' title='bbox 343 841 368 862; x_wconf 85' lang='lat' dir='ltr'>et</span> <span class='ocrx_word' id='word_1_145' title='bbox 391 837 611 862; x_wconf 78' lang='lat' dir='ltr'>incontinentiam</span> <span class='ocrx_word' id='word_1_146' title='bbox 633 837 712 861; x_wconf 89' lang='lat' dir='ltr'>simul</span> <span class='ocrx_word' id='word_1_147' title='bbox 734 837 761 861; x_wconf 90' lang='lat' dir='ltr'>in</span> <span class='ocrx_word' id='word_1_148' title='bbox 782 836 877 861; x_wconf 87' lang='lat' dir='ltr'>eodem</span> <span class='ocrx_word' id='word_1_149' title='bbox 899 844 956 861; x_wconf 88' lang='lat' dir='ltr'>esse</span> <span class='ocrx_word' id='word_1_150' title='bbox 977 844 1031 861; x_wconf 87' lang='lat' dir='ltr'>non</span> <span class='ocrx_word' id='word_1_151' title='bbox 1050 843 1137 869; x_wconf 87' lang='lat' dir='ltr'>posse.</span> 
     </span>
    </p>

    <p class='ocr_par' dir='ltr' id='par_1_9' title="bbox 136 875 1198 990">
     <span class='ocr_line' id='line_1_20' title="bbox 136 875 1198 909; baseline -0.003 -6"><span class='ocrx_word' id='word_1_152' title='bbox 136 887 162 903; x_wconf 75' lang='grc' dir='ltr'>αι.</span> <span class='ocrx_word' id='word_1_153' title='bbox 185 876 344 902; x_wconf 85' lang='lat' dir='ltr'>Prudentem</span> <span class='ocrx_word' id='word_1_154' title='bbox 366 885 420 902; x_wconf 88' lang='lat' dir='ltr'>non</span> <span class='ocrx_word' id='word_1_155' title='bbox 441 885 498 902; x_wconf 85' lang='lat' dir='ltr'>esse</span> <span class='ocrx_word' id='word_1_156' title='bbox 521 877 737 907; x_wconf 84' lang='lat' dir='ltr'>incontinentem,</span> <span class='ocrx_word' id='word_1_157' title='bbox 760 884 818 901; x_wconf 87' lang='lat' dir='ltr'>eum</span> <span class='ocrx_word' id='word_1_158' title='bbox 841 875 957 909; x_wconf 85' lang='lat' dir='ltr'>prudens</span> <span class='ocrx_word' id='word_1_159' title='bbox 978 884 1033 901; x_wconf 91' lang='lat' dir='ltr'>non</span> <span class='ocrx_word' id='word_1_160' title='bbox 1062 876 1128 901; x_wconf 81' lang='lat' dir='ltr'>sciat.</span> <span class='ocrx_word' id='word_1_161' title='bbox 1155 884 1198 900; x_wconf 91' lang='lat' dir='ltr'>so-</span> 
     </span>
     <span class='ocr_line' id='line_1_21' title="bbox 186 915 1198 950; baseline 0 -9"><span class='ocrx_word' id='word_1_162' title='bbox 186 916 250 947; x_wconf 86' lang='lat' dir='ltr'>lum,</span> <span class='ocrx_word' id='word_1_163' title='bbox 272 916 317 942; x_wconf 81' lang='lat' dir='ltr'>sed</span> <span class='ocrx_word' id='word_1_164' title='bbox 345 916 379 942; x_wconf 80' lang='lat' dir='ltr'>ud</span> <span class='ocrx_word' id='word_1_165' title='bbox 407 926 447 942; x_wconf 83' lang='lat' dir='ltr'>res</span> <span class='ocrx_word' id='word_1_166' title='bbox 475 917 555 942; x_wconf 80' lang='lat' dir='ltr'>etiam</span> <span class='ocrx_word' id='word_1_167' title='bbox 583 916 700 950; x_wconf 84' lang='lat' dir='ltr'>agendas</span> <span class='ocrx_word' id='word_1_168' title='bbox 728 917 761 941; x_wconf 85' lang='lat' dir='ltr'>sit</span> <span class='ocrx_word' id='word_1_169' title='bbox 791 915 918 947; x_wconf 78' lang='lat' dir='ltr'>idoneus3</span> <span class='ocrx_word' id='word_1_170' title='bbox 948 916 1081 941; x_wconf 79' lang='lat' dir='ltr'>sollertem</span> <span class='ocrx_word' id='word_1_171' title='bbox 1110 920 1198 941; x_wconf 82' lang='lat' dir='ltr'>autem</span> 
     </span>
     <span class='ocr_line' id='line_1_22' title="bbox 187 952 890 990; baseline -0.001 -9"><span class='ocrx_word' id='word_1_172' title='bbox 187 956 252 982; x_wconf 83' lang='lat' dir='ltr'>nihil</span> <span class='ocrx_word' id='word_1_173' title='bbox 274 956 418 990; x_wconf 85' lang='lat' dir='ltr'>prohibere</span> <span class='ocrx_word' id='word_1_174' title='bbox 441 957 649 982; x_wconf 81' lang='lat' dir='ltr'>incontinentem</span> <span class='ocrx_word' id='word_1_175' title='bbox 671 965 736 982; x_wconf 85' lang='lat' dir='ltr'>esse.</span> <span class='ocrx_word' id='word_1_176' title='bbox 758 956 781 988; x_wconf 60' lang='grc' dir='ltr'>ξ.</span> <span class='ocrx_word' id='word_1_177' title='bbox 806 953 849 982; x_wconf 36' lang='lat' dir='ltr'>l*</span> <span class='ocrx_word' id='word_1_178' title='bbox 864 952 890 982; x_wconf 80' lang='grc'>2.</span> 
     </span>
    </p>

    <p class='ocr_par' dir='ltr' id='par_1_10' title="bbox 136 994 1196 1071">
     <span class='ocr_line' id='line_1_23' title="bbox 136 994 1196 1031; baseline -0.003 -8"><span class='ocrx_word' id='word_1_179' title='bbox 136 1002 164 1031; x_wconf 80' lang='grc' dir='ltr'>β.</span> <span class='ocrx_word' id='word_1_180' title='bbox 186 996 398 1022; x_wconf 78' lang='lat' dir='ltr'>Incontinentem</span> <span class='ocrx_word' id='word_1_181' title='bbox 420 1005 433 1022; x_wconf 91' lang='lat' dir='ltr'>e</span> <span class='ocrx_word' id='word_1_182' title='bbox 456 996 566 1022; x_wconf 87' lang='lat' dir='ltr'>dimidia</span> <span class='ocrx_word' id='word_1_183' title='bbox 587 1000 688 1022; x_wconf 86' lang='lat' dir='ltr'>tantum</span> <span class='ocrx_word' id='word_1_184' title='bbox 709 1001 783 1030; x_wconf 83' lang='lat' dir='ltr'>parte</span> <span class='ocrx_word' id='word_1_185' title='bbox 806 996 903 1021; x_wconf 84' lang='lat' dir='ltr'>malum</span> <span class='ocrx_word' id='word_1_186' title='bbox 932 1004 1006 1026; x_wconf 81' lang='lat' dir='ltr'>esse,</span> <span class='ocrx_word' id='word_1_187' title='bbox 1034 995 1097 1029; x_wconf 85' lang='lat' dir='ltr'>qnia</span> <span class='ocrx_word' id='word_1_188' title='bbox 1124 994 1196 1021; x_wconf 88' lang='lat' dir='ltr'>bono</span> 
     </span>
     <span class='ocr_line' id='line_1_24' title="bbox 188 1032 1127 1071; baseline 0.001 -10"><span class='ocrx_word' id='word_1_189' title='bbox 188 1037 309 1068; x_wconf 81' lang='lat' dir='ltr'>consilio,</span> <span class='ocrx_word' id='word_1_190' title='bbox 331 1036 403 1071; x_wconf 84' lang='lat' dir='ltr'>quod</span> <span class='ocrx_word' id='word_1_191' title='bbox 425 1035 532 1070; x_wconf 83' lang='lat' dir='ltr'>quidem</span> <span class='ocrx_word' id='word_1_192' title='bbox 554 1035 605 1061; x_wconf 86' lang='lat' dir='ltr'>sibi</span> <span class='ocrx_word' id='word_1_193' title='bbox 627 1040 675 1067; x_wconf 89' lang='lat' dir='ltr'>est,</span> <span class='ocrx_word' id='word_1_194' title='bbox 697 1040 785 1061; x_wconf 87' lang='lat' dir='ltr'>tamen</span> <span class='ocrx_word' id='word_1_195' title='bbox 807 1044 861 1061; x_wconf 88' lang='lat' dir='ltr'>non</span> <span class='ocrx_word' id='word_1_196' title='bbox 883 1036 973 1061; x_wconf 88' lang='lat' dir='ltr'>utitur.</span> <span class='ocrx_word' id='word_1_197' title='bbox 995 1036 1018 1068; x_wconf 55' lang='grc' dir='ltr'>ᾧ.</span> <span class='ocrx_word' id='word_1_198' title='bbox 1041 1032 1127 1062; x_wconf 86' lang='grc'><strong>3-5.</strong></span> 
     </span>
    </p>

    <p class='ocr_par' dir='ltr' id='par_1_11' title="bbox 136 1076 1198 1150">
     <span class='ocr_line' id='line_1_25' title="bbox 136 1076 1198 1110; baseline -0.001 -8"><span class='ocrx_word' id='word_1_199' title='bbox 136 1089 165 1110; x_wconf 62' lang='lat' dir='ltr'>“l-</span> <span class='ocrx_word' id='word_1_200' title='bbox 187 1076 381 1102; x_wconf 82' lang='lat' dir='ltr'>Sanabiliorein</span> <span class='ocrx_word' id='word_1_201' title='bbox 393 1077 758 1110; x_wconf 80' lang='lat' dir='ltr'>esseincontinentiamquae</span> <span class='ocrx_word' id='word_1_202' title='bbox 779 1085 792 1101; x_wconf 85' lang='lat' dir='ltr'>e</span> <span class='ocrx_word' id='word_1_203' title='bbox 811 1076 967 1106; x_wconf 83' lang='lat' dir='ltr'>temeritate,</span> <span class='ocrx_word' id='word_1_204' title='bbox 985 1084 1065 1109; x_wconf 76' lang='lat' dir='ltr'>quain</span> <span class='ocrx_word' id='word_1_205' title='bbox 1082 1084 1149 1110; x_wconf 87' lang='lat' dir='ltr'>quae</span> <span class='ocrx_word' id='word_1_206' title='bbox 1167 1084 1198 1101; x_wconf 78' lang='lat' dir='ltr'>ex</span> 
     </span>
     <span class='ocr_line' id='line_1_26' title="bbox 189 1112 1197 1150; baseline -0.001 -9"><span class='ocrx_word' id='word_1_207' title='bbox 189 1116 369 1142; x_wconf 82' lang='lat' dir='ltr'>imbecillitate</span> <span class='ocrx_word' id='word_1_208' title='bbox 378 1117 503 1150; x_wconf 76' lang='lat' dir='ltr'>gignitur,</span> <span class='ocrx_word' id='word_1_209' title='bbox 514 1125 632 1150; x_wconf 83' lang='lat' dir='ltr'>quaeque</span> <span class='ocrx_word' id='word_1_210' title='bbox 649 1116 935 1150; x_wconf 75' lang='lat' dir='ltr'>eonsuettuline‚quam</span> <span class='ocrx_word' id='word_1_211' title='bbox 948 1124 1015 1149; x_wconf 84' lang='lat' dir='ltr'>qnae</span> <span class='ocrx_word' id='word_1_212' title='bbox 1028 1120 1130 1142; x_wconf 81' lang='lat' dir='ltr'>natura.</span> <span class='ocrx_word' id='word_1_213' title='bbox 1139 1116 1161 1148; x_wconf 62' lang='grc' dir='ltr'>ξ.</span> <span class='ocrx_word' id='word_1_214' title='bbox 1171 1112 1197 1142; x_wconf 91' lang='grc'>6.</span> 
     </span>
    </p>

    <p class='ocr_par' dir='ltr' id='par_1_12' title="bbox 78 1153 1073 1230">
     <span class='ocr_line' id='line_1_27' title="bbox 78 1153 686 1190; baseline 0 -8"><span class='ocrx_word' id='word_1_215' title='bbox 78 1153 105 1184; x_wconf 89' lang='grc'>3.</span> <span class='ocrx_word' id='word_1_216' title='bbox 127 1156 167 1182; x_wconf 90' lang='lat' dir='ltr'>De</span> <span class='ocrx_word' id='word_1_217' title='bbox 189 1157 323 1190; x_wconf 79' lang='lat' dir='ltr'>voluptate</span> <span class='ocrx_word' id='word_1_218' title='bbox 345 1160 369 1181; x_wconf 89' lang='lat' dir='ltr'>et</span> <span class='ocrx_word' id='word_1_219' title='bbox 391 1156 492 1182; x_wconf 83' lang='lat' dir='ltr'>dolore.</span> <span class='ocrx_word' id='word_1_220' title='bbox 514 1164 536 1181; x_wconf 89' lang='grc'>(·.</span> <span class='ocrx_word' id='word_1_221' title='bbox 562 1153 686 1183; x_wconf 71' lang='lat'>11-1-1.</span> 
     </span>
     <span class='ocr_line' id='line_1_28' title="bbox 107 1195 1073 1230; baseline -0.001 -8"><span class='ocrx_word' id='word_1_222' title='bbox 107 1205 132 1223; x_wconf 86' lang='grc' dir='ltr'>α.</span> <span class='ocrx_word' id='word_1_223' title='bbox 153 1195 267 1230; x_wconf 87' lang='lat' dir='ltr'>Caput</span> <span class='ocrx_word' id='word_1_224' title='bbox 289 1196 517 1222; x_wconf 84' lang='lat' dir='ltr'>undecimum:</span> <span class='ocrx_word' id='word_1_225' title='bbox 540 1196 615 1226; x_wconf 84' lang='lat' dir='ltr'>Quae</span> <span class='ocrx_word' id='word_1_226' title='bbox 637 1196 669 1221; x_wconf 84' lang='lat' dir='ltr'>de</span> <span class='ocrx_word' id='word_1_227' title='bbox 692 1196 827 1229; x_wconf 82' lang='lat' dir='ltr'>voluptate</span> <span class='ocrx_word' id='word_1_228' title='bbox 849 1195 990 1229; x_wconf 87' lang='lat' dir='ltr'>opiniones</span> <span class='ocrx_word' id='word_1_229' title='bbox 1013 1196 1073 1221; x_wconf 89' lang='lat' dir='ltr'>sint.</span> 
     </span>
    </p>

    <p class='ocr_par' dir='ltr' id='par_1_13' title="bbox 138 1235 1198 1352">
     <span class='ocr_line' id='line_1_29' title="bbox 138 1235 1198 1269; baseline -0.003 -5"><span class='ocrx_word' id='word_1_230' title='bbox 138 1248 164 1264; x_wconf 76' lang='grc' dir='ltr'>οι.</span> <span class='ocrx_word' id='word_1_231' title='bbox 188 1236 314 1262; x_wconf 78' lang='lat' dir='ltr'>Rationes</span> <span class='ocrx_word' id='word_1_232' title='bbox 337 1236 481 1262; x_wconf 85' lang='lat' dir='ltr'>atl&#39;eruntur</span> <span class='ocrx_word' id='word_1_233' title='bbox 503 1240 565 1266; x_wconf 84' lang='lat' dir='ltr'>tres,</span> <span class='ocrx_word' id='word_1_234' title='bbox 587 1245 633 1262; x_wconf 86' lang='lat' dir='ltr'>cur</span> <span class='ocrx_word' id='word_1_235' title='bbox 653 1235 685 1261; x_wconf 89' lang='lat' dir='ltr'>de</span> <span class='ocrx_word' id='word_1_236' title='bbox 712 1236 847 1269; x_wconf 75' lang='lat' dir='ltr'>voluptate</span> <span class='ocrx_word' id='word_1_237' title='bbox 869 1240 895 1261; x_wconf 85' lang='lat' dir='ltr'>et</span> <span class='ocrx_word' id='word_1_238' title='bbox 923 1235 1014 1262; x_wconf 84' lang='lat' dir='ltr'>dolore</span> <span class='ocrx_word' id='word_1_239' title='bbox 1037 1243 1198 1269; x_wconf 79' lang='lat' dir='ltr'>cognoscere</span> 
     </span>
     <span class='ocr_line' id='line_1_30' title="bbox 189 1275 1198 1311; baseline -0.002 -9"><span class='ocrx_word' id='word_1_240' title='bbox 189 1277 223 1302; x_wconf 88' lang='lat' dir='ltr'>sit</span> <span class='ocrx_word' id='word_1_241' title='bbox 255 1275 310 1309; x_wconf 80' lang='lat' dir='ltr'>ejus</span> <span class='ocrx_word' id='word_1_242' title='bbox 339 1277 468 1307; x_wconf 84' lang='lat' dir='ltr'>bominis,</span> <span class='ocrx_word' id='word_1_243' title='bbox 496 1277 541 1311; x_wconf 89' lang='lat' dir='ltr'>qui</span> <span class='ocrx_word' id='word_1_244' title='bbox 568 1277 594 1302; x_wconf 94' lang='lat' dir='ltr'>in</span> <span class='ocrx_word' id='word_1_245' title='bbox 621 1277 707 1302; x_wconf 78' lang='lat' dir='ltr'>civilis</span> <span class='ocrx_word' id='word_1_246' title='bbox 743 1275 898 1310; x_wconf 86' lang='lat' dir='ltr'>prudentiae</span> <span class='ocrx_word' id='word_1_247' title='bbox 928 1275 1016 1301; x_wconf 85' lang='lat' dir='ltr'>studio</span> <span class='ocrx_word' id='word_1_248' title='bbox 1045 1285 1072 1302; x_wconf 89' lang='lat' dir='ltr'>se</span> <span class='ocrx_word' id='word_1_249' title='bbox 1101 1276 1198 1301; x_wconf 79' lang='lat' dir='ltr'>versari</span> 
     </span>
     <span class='ocr_line' id='line_1_31' title="bbox 188 1313 490 1352; baseline -0.003 -10"><span class='ocrx_word' id='word_1_250' title='bbox 188 1318 334 1352; x_wconf 83' lang='lat' dir='ltr'>profitetur.</span> <span class='ocrx_word' id='word_1_251' title='bbox 357 1317 379 1349; x_wconf 63' lang='grc' dir='ltr'>ξ.</span> <span class='ocrx_word' id='word_1_252' title='bbox 404 1313 490 1343; x_wconf 87' lang='grc'>1-2.</span> 
     </span>
    </p>

    <p class='ocr_par' dir='ltr' id='par_1_14' title="bbox 135 1352 1073 1392">
     <span class='ocr_line' id='line_1_32' title="bbox 135 1352 1073 1392; baseline -0.003 -9"><span class='ocrx_word' id='word_1_253' title='bbox 135 1363 164 1392; x_wconf 82' lang='grc' dir='ltr'>β.</span> <span class='ocrx_word' id='word_1_254' title='bbox 185 1357 251 1383; x_wconf 85' lang='lat' dir='ltr'>Tres</span> <span class='ocrx_word' id='word_1_255' title='bbox 274 1356 306 1382; x_wconf 88' lang='lat' dir='ltr'>dc</span> <span class='ocrx_word' id='word_1_256' title='bbox 328 1357 463 1390; x_wconf 73' lang='lat' dir='ltr'>voluptate</span> <span class='ocrx_word' id='word_1_257' title='bbox 485 1356 626 1390; x_wconf 82' lang='lat' dir='ltr'>opiniones</span> <span class='ocrx_word' id='word_1_258' title='bbox 647 1355 762 1382; x_wconf 75' lang='lat' dir='ltr'>breviter</span> <span class='ocrx_word' id='word_1_259' title='bbox 782 1359 979 1390; x_wconf 81' lang='lat' dir='ltr'>proponuntur,</span> <span class='ocrx_word' id='word_1_260' title='bbox 1002 1356 1023 1388; x_wconf 64' lang='grc' dir='ltr'>ξ.</span> <span class='ocrx_word' id='word_1_261' title='bbox 1047 1352 1073 1383; x_wconf 88' lang='grc'>3.</span> 
     </span>
    </p>

    <p class='ocr_par' dir='ltr' id='par_1_15' title="bbox 137 1394 1200 1471">
     <span class='ocr_line' id='line_1_33' title="bbox 137 1394 864 1432; baseline -0.001 -9"><span class='ocrx_word' id='word_1_262' title='bbox 137 1410 166 1432; x_wconf 72' lang='lat' dir='ltr'>y.</span> <span class='ocrx_word' id='word_1_263' title='bbox 189 1396 280 1422; x_wconf 85' lang='lat' dir='ltr'>Latius</span> <span class='ocrx_word' id='word_1_264' title='bbox 303 1397 466 1431; x_wconf 83' lang='lat' dir='ltr'>explicantur</span> <span class='ocrx_word' id='word_1_265' title='bbox 488 1396 537 1422; x_wconf 88' lang='lat' dir='ltr'>hae</span> <span class='ocrx_word' id='word_1_266' title='bbox 559 1397 709 1430; x_wconf 85' lang='lat' dir='ltr'>opiniones.</span> <span class='ocrx_word' id='word_1_267' title='bbox 731 1397 754 1429; x_wconf 64' lang='grc' dir='ltr'>ξ.</span> <span class='ocrx_word' id='word_1_268' title='bbox 776 1394 864 1422; x_wconf 74' lang='grc'><strong>4-6.</strong></span> 
     </span>
     <span class='ocr_line' id='line_1_34' title="bbox 177 1435 1200 1471; baseline -0.003 -9"><span class='ocrx_word' id='word_1_269' title='bbox 177 1449 223 1465; x_wconf 59' lang='lat' dir='ltr'>aaa.</span> <span class='ocrx_word' id='word_1_270' title='bbox 247 1437 334 1462; x_wconf 85' lang='lat' dir='ltr'>Prima</span> <span class='ocrx_word' id='word_1_271' title='bbox 356 1437 456 1471; x_wconf 89' lang='lat' dir='ltr'>opinio.</span> <span class='ocrx_word' id='word_1_272' title='bbox 478 1436 651 1470; x_wconf 83' lang='lat' dir='ltr'>Voluptatem</span> <span class='ocrx_word' id='word_1_273' title='bbox 677 1437 787 1462; x_wconf 88' lang='lat' dir='ltr'>omnino</span> <span class='ocrx_word' id='word_1_274' title='bbox 809 1444 864 1462; x_wconf 89' lang='lat' dir='ltr'>non</span> <span class='ocrx_word' id='word_1_275' title='bbox 883 1444 940 1462; x_wconf 87' lang='lat' dir='ltr'>esse</span> <span class='ocrx_word' id='word_1_276' title='bbox 961 1435 1072 1466; x_wconf 83' lang='lat' dir='ltr'>bonum,</span> <span class='ocrx_word' id='word_1_277' title='bbox 1094 1442 1139 1460; x_wconf 85' lang='lat' dir='ltr'>sex</span> <span class='ocrx_word' id='word_1_278' title='bbox 1160 1442 1200 1460; x_wconf 82' lang='lat' dir='ltr'>ra-</span> 
     </span>
    </p>

    <p class='ocr_par' dir='ltr' id='par_1_16' title="bbox 107 1473 1204 2031">
     <span class='ocr_line' id='line_1_35' title="bbox 244 1473 598 1511; baseline -0.003 -9"><span class='ocrx_word' id='word_1_279' title='bbox 244 1477 363 1502; x_wconf 87' lang='lat' dir='ltr'>tionibus</span> <span class='ocrx_word' id='word_1_280' title='bbox 386 1476 503 1511; x_wconf 85' lang='lat' dir='ltr'>probari.</span> <span class='ocrx_word' id='word_1_281' title='bbox 525 1477 548 1509; x_wconf 70' lang='lat'>§.</span> <span class='ocrx_word' id='word_1_282' title='bbox 571 1473 598 1503; x_wconf 84' lang='lat'>4.</span> 
     </span>
     <span class='ocr_line' id='line_1_36' title="bbox 247 1510 1200 1550; baseline -0.003 -8"><span class='ocrx_word' id='word_1_283' title='bbox 247 1524 269 1542; x_wconf 78' lang='lat' dir='ltr'>u.</span> <span class='ocrx_word' id='word_1_284' title='bbox 299 1517 388 1542; x_wconf 81' lang='lat' dir='ltr'>Prima</span> <span class='ocrx_word' id='word_1_285' title='bbox 409 1518 487 1542; x_wconf 77' lang='lat' dir='ltr'>ratio.</span> <span class='ocrx_word' id='word_1_286' title='bbox 509 1516 681 1550; x_wconf 77' lang='lat' dir='ltr'>Voluptatem</span> <span class='ocrx_word' id='word_1_287' title='bbox 703 1525 760 1542; x_wconf 84' lang='lat' dir='ltr'>esse</span> <span class='ocrx_word' id='word_1_288' title='bbox 783 1519 879 1546; x_wconf 79' lang='lat' dir='ltr'>ortum,</span> <span class='ocrx_word' id='word_1_289' title='bbox 901 1524 956 1541; x_wconf 88' lang='lat' dir='ltr'>non</span> <span class='ocrx_word' id='word_1_290' title='bbox 971 1516 1058 1540; x_wconf 81' lang='lat' dir='ltr'>finem.</span> <span class='ocrx_word' id='word_1_291' title='bbox 1080 1515 1096 1539; x_wconf 93' lang='lat' dir='ltr'>l.</span> <span class='ocrx_word' id='word_1_292' title='bbox 1114 1510 1200 1540; x_wconf 81' lang='grc'>1-4.</span> 
     </span>
     <span class='ocr_line' id='line_1_37' title="bbox 246 1551 1127 1590; baseline -0.003 -8"><span class='ocrx_word' id='word_1_293' title='bbox 246 1557 270 1582; x_wconf 63' lang='lat'>1».</span> <span class='ocrx_word' id='word_1_294' title='bbox 299 1557 423 1583; x_wconf 79' lang='lat' dir='ltr'>Secunda</span> <span class='ocrx_word' id='word_1_295' title='bbox 442 1557 520 1582; x_wconf 77' lang='lat' dir='ltr'>ratio.</span> <span class='ocrx_word' id='word_1_296' title='bbox 543 1556 747 1590; x_wconf 86' lang='lat' dir='ltr'>Temperantem</span> <span class='ocrx_word' id='word_1_297' title='bbox 768 1555 858 1589; x_wconf 77' lang='lat' dir='ltr'>fugere</span> <span class='ocrx_word' id='word_1_298' title='bbox 881 1555 1039 1590; x_wconf 79' lang='lat' dir='ltr'>voluptates.</span> <span class='ocrx_word' id='word_1_299' title='bbox 1061 1555 1077 1579; x_wconf 95' lang='lat' dir='ltr'>l.</span> <span class='ocrx_word' id='word_1_300' title='bbox 1099 1551 1127 1580; x_wconf 88' lang='grc'>4.</span> 
     </span>
     <span class='ocr_line' id='line_1_38' title="bbox 247 1595 1202 1629; baseline -0.003 -7"><span class='ocrx_word' id='word_1_301' title='bbox 247 1604 266 1622; x_wconf 86' lang='lat' dir='ltr'>c.</span> <span class='ocrx_word' id='word_1_302' title='bbox 295 1597 386 1622; x_wconf 79' lang='lat' dir='ltr'>Tertia</span> <span class='ocrx_word' id='word_1_303' title='bbox 406 1597 482 1622; x_wconf 80' lang='lat' dir='ltr'>ratio.</span> <span class='ocrx_word' id='word_1_304' title='bbox 504 1596 690 1627; x_wconf 88' lang='lat' dir='ltr'>Indolentiam,</span> <span class='ocrx_word' id='word_1_305' title='bbox 712 1605 766 1622; x_wconf 89' lang='lat' dir='ltr'>non</span> <span class='ocrx_word' id='word_1_306' title='bbox 789 1596 952 1629; x_wconf 80' lang='lat' dir='ltr'>voluptatem</span> <span class='ocrx_word' id='word_1_307' title='bbox 979 1595 1069 1629; x_wconf 83' lang='lat' dir='ltr'>quaeri</span> <span class='ocrx_word' id='word_1_308' title='bbox 1098 1602 1114 1619; x_wconf 89' lang='lat' dir='ltr'>a</span> <span class='ocrx_word' id='word_1_309' title='bbox 1141 1602 1202 1628; x_wconf 77' lang='lat' dir='ltr'>pru-</span> 
     </span>
     <span class='ocr_line' id='line_1_39' title="bbox 301 1633 538 1664; baseline 0.004 -2"><span class='ocrx_word' id='word_1_310' title='bbox 301 1636 388 1662; x_wconf 79' lang='lat' dir='ltr'>dente.</span> <span class='ocrx_word' id='word_1_311' title='bbox 411 1637 428 1661; x_wconf 93' lang='lat' dir='ltr'>l.</span> <span class='ocrx_word' id='word_1_312' title='bbox 450 1633 538 1664; x_wconf 84' lang='grc'>4-5,</span> 
     </span>
     <span class='ocr_line' id='line_1_40' title="bbox 248 1668 1202 1709; baseline -0.003 -7"><span class='ocrx_word' id='word_1_313' title='bbox 248 1678 271 1703; x_wconf 77' lang='lat' dir='ltr'>b.</span> <span class='ocrx_word' id='word_1_314' title='bbox 300 1676 402 1706; x_wconf 82' lang='lat' dir='ltr'>Quarta</span> <span class='ocrx_word' id='word_1_315' title='bbox 424 1677 501 1703; x_wconf 83' lang='lat' dir='ltr'>ratio.</span> <span class='ocrx_word' id='word_1_316' title='bbox 523 1675 694 1701; x_wconf 81' lang='lat' dir='ltr'>Prudentiam</span> <span class='ocrx_word' id='word_1_317' title='bbox 716 1675 838 1709; x_wconf 88' lang='lat' dir='ltr'>impediri</span> <span class='ocrx_word' id='word_1_318' title='bbox 865 1673 1054 1708; x_wconf 78' lang='lat' dir='ltr'>voluptatibus.</span> <span class='ocrx_word' id='word_1_319' title='bbox 1075 1674 1092 1699; x_wconf 83' lang='lat' dir='ltr'>l.</span> <span class='ocrx_word' id='word_1_320' title='bbox 1115 1671 1161 1700; x_wconf 89' lang='lat'>5—</span> <span class='ocrx_word' id='word_1_321' title='bbox 1175 1668 1202 1699; x_wconf 79' lang='lat' dir='ltr'>S.</span> 
     </span>
     <span class='ocr_line' id='line_1_41' title="bbox 248 1710 1131 1750; baseline -0.003 -8"><span class='ocrx_word' id='word_1_322' title='bbox 248 1724 266 1742; x_wconf 78' lang='lat' dir='ltr'>t.</span> <span class='ocrx_word' id='word_1_323' title='bbox 296 1716 397 1746; x_wconf 84' lang='lat' dir='ltr'>Quinta</span> <span class='ocrx_word' id='word_1_324' title='bbox 417 1717 494 1742; x_wconf 74' lang='lat' dir='ltr'>ratio.</span> <span class='ocrx_word' id='word_1_325' title='bbox 515 1716 669 1750; x_wconf 82' lang='lat' dir='ltr'>Voluptatis</span> <span class='ocrx_word' id='word_1_326' title='bbox 690 1720 772 1741; x_wconf 84' lang='lat' dir='ltr'>artem</span> <span class='ocrx_word' id='word_1_327' title='bbox 793 1715 893 1740; x_wconf 85' lang='lat' dir='ltr'>nullam</span> <span class='ocrx_word' id='word_1_328' title='bbox 914 1723 980 1740; x_wconf 85' lang='lat' dir='ltr'>esse.</span> <span class='ocrx_word' id='word_1_329' title='bbox 1005 1714 1022 1740; x_wconf 90' lang='lat' dir='ltr'>l.</span> <span class='ocrx_word' id='word_1_330' title='bbox 1043 1710 1131 1740; x_wconf 77' lang='lat'>8-9.</span> 
     </span>
     <span class='ocr_line' id='line_1_42' title="bbox 248 1749 1201 1790; baseline -0.004 -8"><span class='ocrx_word' id='word_1_331' title='bbox 248 1756 266 1788; x_wconf 67' lang='lat' dir='ltr'>f.</span> <span class='ocrx_word' id='word_1_332' title='bbox 299 1756 378 1783; x_wconf 79' lang='lat' dir='ltr'>Sexta</span> <span class='ocrx_word' id='word_1_333' title='bbox 388 1757 465 1782; x_wconf 81' lang='lat' dir='ltr'>ratio.</span> <span class='ocrx_word' id='word_1_334' title='bbox 478 1756 578 1782; x_wconf 85' lang='lat' dir='ltr'>Pueros</span> <span class='ocrx_word' id='word_1_335' title='bbox 593 1760 618 1781; x_wconf 91' lang='lat' dir='ltr'>et</span> <span class='ocrx_word' id='word_1_336' title='bbox 631 1755 731 1781; x_wconf 85' lang='lat' dir='ltr'>bestias</span> <span class='ocrx_word' id='word_1_337' title='bbox 751 1755 873 1790; x_wconf 82' lang='lat' dir='ltr'>persequi</span> <span class='ocrx_word' id='word_1_338' title='bbox 890 1755 1046 1788; x_wconf 83' lang='lat' dir='ltr'>voluptates.</span> <span class='ocrx_word' id='word_1_339' title='bbox 1061 1754 1078 1779; x_wconf 90' lang='lat' dir='ltr'>l.</span> <span class='ocrx_word' id='word_1_340' title='bbox 1094 1749 1201 1780; x_wconf 83' lang='grc'>9-10,</span> 
     </span>
     <span class='ocr_line' id='line_1_43' title="bbox 178 1793 1202 1832; baseline -0.004 -9"><span class='ocrx_word' id='word_1_341' title='bbox 178 1802 226 1832; x_wconf 79' lang='grc' dir='ltr'>ββ.</span> <span class='ocrx_word' id='word_1_342' title='bbox 249 1796 371 1823; x_wconf 80' lang='lat' dir='ltr'>Secunda</span> <span class='ocrx_word' id='word_1_343' title='bbox 399 1797 500 1830; x_wconf 90' lang='lat' dir='ltr'>opinio.</span> <span class='ocrx_word' id='word_1_344' title='bbox 529 1795 590 1821; x_wconf 77' lang='lat' dir='ltr'>Non</span> <span class='ocrx_word' id='word_1_345' title='bbox 618 1803 710 1821; x_wconf 84' lang='lat' dir='ltr'>onmes</span> <span class='ocrx_word' id='word_1_346' title='bbox 738 1796 886 1829; x_wconf 76' lang='lat' dir='ltr'>voluptates</span> <span class='ocrx_word' id='word_1_347' title='bbox 919 1803 976 1821; x_wconf 87' lang='lat' dir='ltr'>esse</span> <span class='ocrx_word' id='word_1_348' title='bbox 1011 1793 1113 1827; x_wconf 87' lang='lat' dir='ltr'>bonas,</span> <span class='ocrx_word' id='word_1_349' title='bbox 1141 1802 1202 1820; x_wconf 86' lang='lat' dir='ltr'>cum</span> 
     </span>
     <span class='ocr_line' id='line_1_44' title="bbox 248 1833 1005 1870; baseline -0.003 -8"><span class='ocrx_word' id='word_1_350' title='bbox 248 1837 391 1863; x_wconf 81' lang='lat' dir='ltr'>nonnullae</span> <span class='ocrx_word' id='word_1_351' title='bbox 412 1837 466 1862; x_wconf 89' lang='lat' dir='ltr'>sint</span> <span class='ocrx_word' id='word_1_352' title='bbox 488 1840 576 1870; x_wconf 86' lang='lat' dir='ltr'>turpes</span> <span class='ocrx_word' id='word_1_353' title='bbox 598 1840 624 1861; x_wconf 86' lang='lat' dir='ltr'>et</span> <span class='ocrx_word' id='word_1_354' title='bbox 645 1835 770 1861; x_wconf 85' lang='lat' dir='ltr'>damnum</span> <span class='ocrx_word' id='word_1_355' title='bbox 792 1835 910 1861; x_wconf 80' lang='lat' dir='ltr'>afferant.</span> <span class='ocrx_word' id='word_1_356' title='bbox 932 1836 955 1868; x_wconf 57' lang='grc' dir='ltr'>ᾗ.</span> <span class='ocrx_word' id='word_1_357' title='bbox 978 1833 1005 1861; x_wconf 88' lang='grc'>5.</span> 
     </span>
     <span class='ocr_line' id='line_1_45' title="bbox 181 1874 1203 1911; baseline -0.004 -8"><span class='ocrx_word' id='word_1_358' title='bbox 181 1889 231 1911; x_wconf 73' lang='lat' dir='ltr'>·W·</span> <span class='ocrx_word' id='word_1_359' title='bbox 254 1877 345 1903; x_wconf 81' lang='lat' dir='ltr'>Tertia</span> <span class='ocrx_word' id='word_1_360' title='bbox 366 1877 467 1911; x_wconf 87' lang='lat' dir='ltr'>opinio.</span> <span class='ocrx_word' id='word_1_361' title='bbox 490 1876 663 1910; x_wconf 83' lang='lat' dir='ltr'>Voluptatem</span> <span class='ocrx_word' id='word_1_362' title='bbox 684 1884 739 1902; x_wconf 90' lang='lat' dir='ltr'>non</span> <span class='ocrx_word' id='word_1_363' title='bbox 760 1884 817 1902; x_wconf 86' lang='lat' dir='ltr'>esse</span> <span class='ocrx_word' id='word_1_364' title='bbox 839 1884 971 1902; x_wconf 87' lang='lat' dir='ltr'>summum</span> <span class='ocrx_word' id='word_1_365' title='bbox 999 1874 1115 1906; x_wconf 89' lang='lat' dir='ltr'>bonum,</span> <span class='ocrx_word' id='word_1_366' title='bbox 1143 1881 1203 1900; x_wconf 84' lang='lat' dir='ltr'>cum</span> 
     </span>
     <span class='ocr_line' id='line_1_46' title="bbox 252 1912 710 1948; baseline -0.004 -5"><span class='ocrx_word' id='word_1_367' title='bbox 252 1925 306 1943; x_wconf 89' lang='lat' dir='ltr'>non</span> <span class='ocrx_word' id='word_1_368' title='bbox 329 1917 363 1943; x_wconf 88' lang='lat' dir='ltr'>sit</span> <span class='ocrx_word' id='word_1_369' title='bbox 383 1917 444 1942; x_wconf 89' lang='lat' dir='ltr'>finis</span> <span class='ocrx_word' id='word_1_370' title='bbox 465 1916 511 1942; x_wconf 81' lang='lat' dir='ltr'>sed</span> <span class='ocrx_word' id='word_1_371' title='bbox 533 1920 615 1942; x_wconf 85' lang='lat' dir='ltr'>ortus.</span> <span class='ocrx_word' id='word_1_372' title='bbox 638 1916 661 1948; x_wconf 54' lang='grc' dir='ltr'>ᾗ.</span> <span class='ocrx_word' id='word_1_373' title='bbox 683 1912 710 1942; x_wconf 86' lang='grc'>6.</span> 
     </span>
     <span class='ocr_line' id='line_1_47' title="bbox 107 1954 1204 1991; baseline -0.003 -8"><span class='ocrx_word' id='word_1_374' title='bbox 107 1956 135 1984; x_wconf 77' lang='lat' dir='ltr'>h.</span> <span class='ocrx_word' id='word_1_375' title='bbox 158 1956 272 1991; x_wconf 80' lang='lat' dir='ltr'>Caput</span> <span class='ocrx_word' id='word_1_376' title='bbox 294 1956 548 1982; x_wconf 85' lang='lat' dir='ltr'>duodecimum:</span> <span class='ocrx_word' id='word_1_377' title='bbox 570 1955 737 1990; x_wconf 80' lang='lat' dir='ltr'>Improbatio</span> <span class='ocrx_word' id='word_1_378' title='bbox 757 1956 891 1982; x_wconf 82' lang='lat' dir='ltr'>rationum</span> <span class='ocrx_word' id='word_1_379' title='bbox 919 1954 951 1981; x_wconf 84' lang='lat' dir='ltr'>de</span> <span class='ocrx_word' id='word_1_380' title='bbox 979 1955 1114 1990; x_wconf 79' lang='lat' dir='ltr'>voluptate</span> <span class='ocrx_word' id='word_1_381' title='bbox 1142 1961 1204 1988; x_wconf 82' lang='lat' dir='ltr'>pro-</span> 
     </span>
     <span class='ocr_line' id='line_1_48' title="bbox 163 1994 1200 2031; baseline -0.003 -9"><span class='ocrx_word' id='word_1_382' title='bbox 163 1997 318 2031; x_wconf 80' lang='lat' dir='ltr'>positarum,</span> <span class='ocrx_word' id='word_1_383' title='bbox 340 1997 495 2031; x_wconf 79' lang='lat' dir='ltr'>praesertim</span> <span class='ocrx_word' id='word_1_384' title='bbox 516 1996 617 2031; x_wconf 81' lang='lat' dir='ltr'>primae</span> <span class='ocrx_word' id='word_1_385' title='bbox 639 1996 783 2031; x_wconf 88' lang='lat' dir='ltr'>opinionis.</span> <span class='ocrx_word' id='word_1_386' title='bbox 805 1996 978 2030; x_wconf 84' lang='lat' dir='ltr'>Voluptatem</span> <span class='ocrx_word' id='word_1_387' title='bbox 1007 2004 1064 2021; x_wconf 90' lang='lat' dir='ltr'>esse</span> <span class='ocrx_word' id='word_1_388' title='bbox 1085 1994 1200 2025; x_wconf 82' lang='lat' dir='ltr'>bonum;</span> 
     </span>
    </p>
   </div>
   <div class='ocr_carea' id='block_1_3' title="bbox 0 110 72 2322">
    <p class='ocr_par' dir='ltr' id='par_1_17' title="bbox 0 110 72 2322">
     <span class='ocr_line' id='line_1_49' title="bbox 0 110 72 2322; baseline 0 0"><span class='ocrx_word' id='word_1_389' title='bbox 0 110 72 2322; x_wconf 95' lang='lat' dir='ltr'> </span> 
     </span>
    </p>
   </div>
   <div class='ocr_carea' id='block_1_4' title="bbox 22 276 38 290">
    <p class='ocr_par' dir='ltr' id='par_1_18' title="bbox 22 276 38 290">
     <span class='ocr_line' id='line_1_50' title="bbox 22 276 38 290; baseline 0 0"><span class='ocrx_word' id='word_1_390' title='bbox 22 276 38 290; x_wconf 59' lang='grc' dir='ltr'>ἱ</span> 
     </span>
    </p>
   </div>
   <div class='ocr_carea' id='block_1_5' title="bbox 43 1325 60 1374">
    <p class='ocr_par' dir='ltr' id='par_1_19' title="bbox 0 1325 60 1398">
     <span class='ocr_line' id='line_1_51' title="bbox 43 1325 60 1374; baseline 0 21"><span class='ocrx_word' id='word_1_391' title='bbox 43 1325 60 1374; x_wconf 98' lang='lat'><em>³</em></span> 
     </span>
    </p>
   </div>
   <div class='ocr_carea' id='block_1_6' title="bbox 142 2036 1202 2112">
    <p class='ocr_par' dir='ltr' id='par_1_20' title="bbox 142 2036 1202 2112">
     <span class='ocr_line' id='line_1_52' title="bbox 162 2036 684 2071; baseline 0.002 -9"><span class='ocrx_word' id='word_1_392' title='bbox 162 2037 198 2068; x_wconf 84' lang='lat' dir='ltr'>id,</span> <span class='ocrx_word' id='word_1_393' title='bbox 221 2036 293 2071; x_wconf 89' lang='lat' dir='ltr'>quod</span> <span class='ocrx_word' id='word_1_394' title='bbox 314 2037 400 2071; x_wconf 83' lang='lat' dir='ltr'>prima</span> <span class='ocrx_word' id='word_1_395' title='bbox 421 2037 513 2071; x_wconf 89' lang='lat' dir='ltr'>opinio</span> <span class='ocrx_word' id='word_1_396' title='bbox 534 2040 684 2071; x_wconf 77' lang='lat' dir='ltr'>negaverat.</span> 
     </span>
     <span class='ocr_line' id='line_1_53' title="bbox 142 2071 1202 2112; baseline -0.005 -8"><span class='ocrx_word' id='word_1_397' title='bbox 142 2089 171 2104; x_wconf 76' lang='lat' dir='ltr'>a.</span> <span class='ocrx_word' id='word_1_398' title='bbox 191 2076 379 2111; x_wconf 78' lang='lat' dir='ltr'>Improbantur</span> <span class='ocrx_word' id='word_1_399' title='bbox 398 2076 514 2104; x_wconf 82' lang='lat' dir='ltr'>breviter</span> <span class='ocrx_word' id='word_1_400' title='bbox 534 2080 589 2104; x_wconf 70' lang='lat' dir='ltr'>tres</span> <span class='ocrx_word' id='word_1_401' title='bbox 609 2077 751 2111; x_wconf 86' lang='lat' dir='ltr'>opiniones</span> <span class='ocrx_word' id='word_1_402' title='bbox 777 2085 858 2112; x_wconf 81' lang='lat' dir='ltr'>supra</span> <span class='ocrx_word' id='word_1_403' title='bbox 884 2075 917 2111; x_wconf 85' lang='lat' dir='ltr'>(c.</span> <span class='ocrx_word' id='word_1_404' title='bbox 940 2072 986 2108; x_wconf 88' lang='lat'>11,</span> <span class='ocrx_word' id='word_1_405' title='bbox 1009 2075 1031 2108; x_wconf 55' lang='grc' dir='ltr'>ᾧ.</span> <span class='ocrx_word' id='word_1_406' title='bbox 1054 2071 1082 2107; x_wconf 90' lang='grc'>3)</span> <span class='ocrx_word' id='word_1_407' title='bbox 1103 2081 1202 2109; x_wconf 85' lang='lat' dir='ltr'>propo-</span> 
     </span>
    </p>
   </div>
   <div class='ocr_carea' id='block_1_7' title="bbox 193 2113 424 2150">
    <p class='ocr_par' dir='ltr' id='par_1_21' title="bbox 193 2113 424 2150">
     <span class='ocr_line' id='line_1_54' title="bbox 193 2113 424 2150; baseline 0.009 -8"><span class='ocrx_word' id='word_1_408' title='bbox 193 2117 269 2144; x_wconf 79' lang='lat' dir='ltr'>sitae.</span> <span class='ocrx_word' id='word_1_409' title='bbox 290 2117 314 2150; x_wconf 64' lang='grc' dir='ltr'>ξ.</span> <span class='ocrx_word' id='word_1_410' title='bbox 337 2113 424 2145; x_wconf 80' lang='grc'><strong>1-4.</strong></span> 
     </span>
    </p>
   </div>
   <div class='ocr_carea' id='block_1_8' title="bbox 1005 2200 1070 2229">
    <p class='ocr_par' dir='ltr' id='par_1_22' title="bbox 1005 2200 1070 2229">
     <span class='ocr_line' id='line_1_55' title="bbox 1005 2200 1070 2229; baseline 0 -11"><span class='ocrx_word' id='word_1_411' title='bbox 1005 2200 1070 2229; x_wconf 67' lang='lat' dir='ltr'>m*</span> 
     </span>
    </p>
   </div>
  </div>
 </body>
</html>
