<?xml version="1.0" encoding="UTF-8"?>
<!DOCTYPE html PUBLIC "-//W3C//DTD XHTML 1.0 Transitional//EN"
    "http://www.w3.org/TR/xhtml1/DTD/xhtml1-transitional.dtd">
<html xmlns="http://www.w3.org/1999/xhtml" xml:lang="en" lang="en">
 <head>
  <title>
</title>
<meta http-equiv="Content-Type" content="text/html;charset=utf-8" />
  <meta name='ocr-system' content='tesseract 3.04.00' />
  <meta name='ocr-capabilities' content='ocr_page ocr_carea ocr_par ocr_line ocrx_word'/>
</head>
<body>
  <div class='ocr_page' id='page_1' title='image "./ethicorumnicomac02arisuoft_0171.png"; bbox 0 0 1439 2342; ppageno 0'>
   <div class='ocr_carea' id='block_1_1' title="bbox 0 0 39 2342">
    <p class='ocr_par' dir='ltr' id='par_1_1' title="bbox 0 0 39 2342">
     <span class='ocr_line' id='line_1_1' title="bbox 0 0 39 2342; baseline 0 0"><span class='ocrx_word' id='word_1_1' title='bbox 0 0 39 2342; x_wconf 95' lang='lat' dir='ltr'> </span> 
     </span>
    </p>
   </div>
   <div class='ocr_carea' id='block_1_2' title="bbox 467 57 1240 94">
    <p class='ocr_par' dir='ltr' id='par_1_2' title="bbox 467 57 1240 94">
     <span class='ocr_line' id='line_1_2' title="bbox 467 57 1240 94; baseline 0.008 -8"><span class='ocrx_word' id='word_1_2' title='bbox 467 59 538 86; x_wconf 67' lang='lat' dir='ltr'>Libri</span> <span class='ocrx_word' id='word_1_3' title='bbox 559 59 605 86; x_wconf 88' lang='lat'>111.</span> <span class='ocrx_word' id='word_1_4' title='bbox 647 60 712 94; x_wconf 75' lang='lat' dir='ltr'>Cap.</span> <span class='ocrx_word' id='word_1_5' title='bbox 728 60 752 85; x_wconf 93' lang='lat' dir='ltr'>v</span> <span class='ocrx_word' id='word_1_6' title='bbox 773 59 856 92; x_wconf 85' lang='lat' dir='ltr'>(vn).</span> <span class='ocrx_word' id='word_1_7' title='bbox 1171 57 1240 92; x_wconf 88' lang='grc'>119</span> 
     </span>
    </p>
   </div>
   <div class='ocr_carea' id='block_1_3' title="bbox 75 165 1248 2108">
    <p class='ocr_par' dir='ltr' id='par_1_3' title="bbox 75 165 1246 656">
     <span class='ocr_line' id='line_1_3' title="bbox 79 165 1240 210; baseline 0 -11"><span class='ocrx_word' id='word_1_8' title='bbox 79 168 132 206; x_wconf 91' lang='lat' dir='ltr'>lv,</span> <span class='ocrx_word' id='word_1_9' title='bbox 157 178 184 200; x_wconf 89' lang='lat' dir='ltr'>c.</span> <span class='ocrx_word' id='word_1_10' title='bbox 202 168 232 204; x_wconf 89' lang='grc'>7,</span> <span class='ocrx_word' id='word_1_11' title='bbox 258 167 286 208; x_wconf 57' lang='grc' dir='ltr'>ᾗ.</span> <span class='ocrx_word' id='word_1_12' title='bbox 306 169 331 198; x_wconf 86' lang='grc'>1.</span> <span class='ocrx_word' id='word_1_13' title='bbox 356 173 416 199; x_wconf 87' lang='lat' dir='ltr'>etc.</span> <span class='ocrx_word' id='word_1_14' title='bbox 464 168 570 210; x_wconf 87' lang='lat' dir='ltr'>Itaque</span> <span class='ocrx_word' id='word_1_15' title='bbox 592 165 701 206; x_wconf 83' lang='grc' dir='ltr'>τούτοις</span> <span class='ocrx_word' id='word_1_16' title='bbox 724 167 813 200; x_wconf 82' lang='lat' dir='ltr'>facile</span> <span class='ocrx_word' id='word_1_17' title='bbox 836 165 956 198; x_wconf 80' lang='lat' dir='ltr'>intrudi</span> <span class='ocrx_word' id='word_1_18' title='bbox 977 167 1083 208; x_wconf 88' lang='lat' dir='ltr'>potuit</span> <span class='ocrx_word' id='word_1_19' title='bbox 1105 179 1122 199; x_wconf 92' lang='lat' dir='ltr'>e</span> <span class='ocrx_word' id='word_1_20' title='bbox 1144 168 1240 199; x_wconf 87' lang='lat' dir='ltr'>Para—</span> 
     </span>
     <span class='ocr_line' id='line_1_4' title="bbox 81 215 1240 266; baseline 0 -12"><span class='ocrx_word' id='word_1_21' title='bbox 81 224 224 265; x_wconf 81' lang='lat' dir='ltr'>phraste:</span> <span class='ocrx_word' id='word_1_22' title='bbox 258 220 349 264; x_wconf 79' lang='grc' dir='ltr'>τούτῳ</span> <span class='ocrx_word' id='word_1_23' title='bbox 381 223 423 264; x_wconf 76' lang='grc' dir='ltr'>τῷ</span> <span class='ocrx_word' id='word_1_24' title='bbox 451 221 539 264; x_wconf 73' lang='grc' dir='ltr'>λόγῳ.</span> <span class='ocrx_word' id='word_1_25' title='bbox 567 242 602 246; x_wconf 87' lang='grc'>-</span> <span class='ocrx_word' id='word_1_26' title='bbox 643 225 681 255; x_wconf 72' lang='grc' dir='ltr'>δι’</span> <span class='ocrx_word' id='word_1_27' title='bbox 703 215 831 265; x_wconf 64' lang='grc' dir='ltr'>ἄγνοιαν)</span> <span class='ocrx_word' id='word_1_28' title='bbox 865 222 930 254; x_wconf 90' lang='lat' dir='ltr'>Iam</span> <span class='ocrx_word' id='word_1_29' title='bbox 955 222 1018 254; x_wconf 88' lang='lat' dir='ltr'>duo</span> <span class='ocrx_word' id='word_1_30' title='bbox 1042 223 1240 266; x_wconf 84' lang='lat' dir='ltr'>distinguun-</span> 
     </span>
     <span class='ocr_line' id='line_1_5' title="bbox 80 279 1240 321; baseline 0 -10"><span class='ocrx_word' id='word_1_31' title='bbox 80 285 130 311; x_wconf 87' lang='lat' dir='ltr'>tur</span> <span class='ocrx_word' id='word_1_32' title='bbox 163 289 279 320; x_wconf 85' lang='lat' dir='ltr'>genera</span> <span class='ocrx_word' id='word_1_33' title='bbox 312 279 474 311; x_wconf 78' lang='lat' dir='ltr'>actionum</span> <span class='ocrx_word' id='word_1_34' title='bbox 511 284 641 320; x_wconf 89' lang='lat' dir='ltr'>propter</span> <span class='ocrx_word' id='word_1_35' title='bbox 675 279 748 311; x_wconf 83' lang='lat' dir='ltr'>facti</span> <span class='ocrx_word' id='word_1_36' title='bbox 778 279 996 321; x_wconf 82' lang='lat' dir='ltr'>ignorantiam.</span> <span class='ocrx_word' id='word_1_37' title='bbox 1059 280 1123 312; x_wconf 88' lang='lat' dir='ltr'>Aut</span> <span class='ocrx_word' id='word_1_38' title='bbox 1156 280 1240 312; x_wconf 88' lang='lat' dir='ltr'>enim</span> 
     </span>
     <span class='ocr_line' id='line_1_6' title="bbox 80 335 1241 377; baseline 0.002 -12"><span class='ocrx_word' id='word_1_39' title='bbox 80 335 273 377; x_wconf 83' lang='lat' dir='ltr'>ignorantiae</span> <span class='ocrx_word' id='word_1_40' title='bbox 297 335 357 376; x_wconf 91' lang='lat' dir='ltr'>ipsi</span> <span class='ocrx_word' id='word_1_41' title='bbox 381 346 490 366; x_wconf 89' lang='lat' dir='ltr'>sumus</span> <span class='ocrx_word' id='word_1_42' title='bbox 515 339 678 373; x_wconf 79' lang='lat' dir='ltr'>auctores,</span> <span class='ocrx_word' id='word_1_43' title='bbox 703 340 757 366; x_wconf 88' lang='lat' dir='ltr'>aut</span> <span class='ocrx_word' id='word_1_44' title='bbox 779 346 860 367; x_wconf 89' lang='lat' dir='ltr'>non:</span> <span class='ocrx_word' id='word_1_45' title='bbox 892 335 977 376; x_wconf 89' lang='lat' dir='ltr'>prior</span> <span class='ocrx_word' id='word_1_46' title='bbox 1000 335 1051 367; x_wconf 91' lang='lat' dir='ltr'>ille</span> <span class='ocrx_word' id='word_1_47' title='bbox 1074 345 1160 367; x_wconf 87' lang='lat' dir='ltr'>error</span> <span class='ocrx_word' id='word_1_48' title='bbox 1182 336 1241 367; x_wconf 84' lang='lat' dir='ltr'>im—</span> 
     </span>
     <span class='ocr_line' id='line_1_7' title="bbox 80 390 1243 432; baseline 0.002 -11"><span class='ocrx_word' id='word_1_49' title='bbox 80 395 208 432; x_wconf 85' lang='lat' dir='ltr'>putatur</span> <span class='ocrx_word' id='word_1_50' title='bbox 231 396 263 421; x_wconf 86' lang='lat' dir='ltr'>et</span> <span class='ocrx_word' id='word_1_51' title='bbox 286 396 415 422; x_wconf 86' lang='lat' dir='ltr'>vocatur</span> <span class='ocrx_word' id='word_1_52' title='bbox 439 401 456 422; x_wconf 83' lang='lat' dir='ltr'>a</span> <span class='ocrx_word' id='word_1_53' title='bbox 474 390 665 432; x_wconf 85' lang='lat' dir='ltr'>jurisperitis</span> <span class='ocrx_word' id='word_1_54' title='bbox 695 392 800 432; x_wconf 79' lang='lat' dir='ltr'>culpa;</span> <span class='ocrx_word' id='word_1_55' title='bbox 834 390 1007 432; x_wconf 86' lang='lat' dir='ltr'>posterior,</span> <span class='ocrx_word' id='word_1_56' title='bbox 1040 391 1091 432; x_wconf 91' lang='lat' dir='ltr'>qui</span> <span class='ocrx_word' id='word_1_57' title='bbox 1114 397 1243 423; x_wconf 88' lang='lat' dir='ltr'>vocatur</span> 
     </span>
     <span class='ocr_line' id='line_1_8' title="bbox 80 445 1242 488; baseline 0 -10"><span class='ocrx_word' id='word_1_58' title='bbox 80 456 186 485; x_wconf 67' lang='lat' dir='ltr'>casus,</span> <span class='ocrx_word' id='word_1_59' title='bbox 223 446 309 476; x_wconf 88' lang='lat' dir='ltr'>omni</span> <span class='ocrx_word' id='word_1_60' title='bbox 340 450 432 477; x_wconf 82' lang='lat' dir='ltr'>vacat</span> <span class='ocrx_word' id='word_1_61' title='bbox 462 445 682 486; x_wconf 87' lang='lat' dir='ltr'>imputatione.</span> <span class='ocrx_word' id='word_1_62' title='bbox 744 447 794 479; x_wconf 88' lang='lat' dir='ltr'>Cf.</span> <span class='ocrx_word' id='word_1_63' title='bbox 825 448 905 488; x_wconf 80' lang='lat' dir='ltr'>Syst.</span> <span class='ocrx_word' id='word_1_64' title='bbox 938 447 992 477; x_wconf 85' lang='lat' dir='ltr'>der</span> <span class='ocrx_word' id='word_1_65' title='bbox 1015 449 1092 487; x_wconf 74' lang='lat' dir='ltr'>phil.</span> <span class='ocrx_word' id='word_1_66' title='bbox 1128 448 1242 486; x_wconf 85' lang='lat' dir='ltr'>Moral,</span> 
     </span>
     <span class='ocr_line' id='line_1_9' title="bbox 80 494 1246 544; baseline 0.001 -11"><span class='ocrx_word' id='word_1_67' title='bbox 80 512 111 543; x_wconf 91' lang='lat' dir='ltr'>p.</span> <span class='ocrx_word' id='word_1_68' title='bbox 129 501 286 535; x_wconf 79' lang='lat'>58-64.</span> <span class='ocrx_word' id='word_1_69' title='bbox 312 519 351 526; x_wconf 94' lang='lat'>—-</span> <span class='ocrx_word' id='word_1_70' title='bbox 376 498 434 542; x_wconf 70' lang='grc' dir='ltr'>πρὸ</span> <span class='ocrx_word' id='word_1_71' title='bbox 459 499 551 543; x_wconf 69' lang='grc' dir='ltr'>ἔργου)</span> <span class='ocrx_word' id='word_1_72' title='bbox 577 502 636 533; x_wconf 92' lang='lat' dir='ltr'>Vel</span> <span class='ocrx_word' id='word_1_73' title='bbox 659 494 802 543; x_wconf 66' lang='grc' dir='ltr'>προῦργου</span> <span class='ocrx_word' id='word_1_74' title='bbox 827 501 981 543; x_wconf 87' lang='lat' dir='ltr'>significat</span> <span class='ocrx_word' id='word_1_75' title='bbox 1003 503 1089 541; x_wconf 79' lang='lat' dir='ltr'>utile,</span> <span class='ocrx_word' id='word_1_76' title='bbox 1113 504 1148 534; x_wconf 78' lang='lat' dir='ltr'>id</span> <span class='ocrx_word' id='word_1_77' title='bbox 1167 504 1246 544; x_wconf 77' lang='lat' dir='ltr'>quod</span> 
     </span>
     <span class='ocr_line' id='line_1_10' title="bbox 75 557 1242 600; baseline -0.001 -11"><span class='ocrx_word' id='word_1_78' title='bbox 75 559 206 599; x_wconf 77' lang='lat' dir='ltr'>proficit.</span> <span class='ocrx_word' id='word_1_79' title='bbox 252 557 326 588; x_wconf 86' lang='lat' dir='ltr'>Jam</span> <span class='ocrx_word' id='word_1_80' title='bbox 357 558 515 599; x_wconf 84' lang='lat' dir='ltr'>lnterpres</span> <span class='ocrx_word' id='word_1_81' title='bbox 545 568 676 599; x_wconf 87' lang='lat' dir='ltr'>graecus</span> <span class='ocrx_word' id='word_1_82' title='bbox 706 558 841 600; x_wconf 85' lang='lat' dir='ltr'>explicat</span> <span class='ocrx_word' id='word_1_83' title='bbox 870 557 1094 600; x_wconf 79' lang='grc' dir='ltr'>προτιμοτέρου,</span> <span class='ocrx_word' id='word_1_84' title='bbox 1129 558 1242 599; x_wconf 78' lang='grc' dir='ltr'>συμφέ-</span> 
     </span>
     <span class='ocr_line' id='line_1_11' title="bbox 80 609 1160 656; baseline 0 -11"><span class='ocrx_word' id='word_1_85' title='bbox 80 626 192 653; x_wconf 81' lang='grc' dir='ltr'>ροντος,</span> <span class='ocrx_word' id='word_1_86' title='bbox 217 612 354 651; x_wconf 71' lang='grc' dir='ltr'>πλείονος.</span> <span class='ocrx_word' id='word_1_87' title='bbox 378 619 410 645; x_wconf 89' lang='lat' dir='ltr'>et</span> <span class='ocrx_word' id='word_1_88' title='bbox 434 626 490 653; x_wconf 76' lang='grc' dir='ltr'>προ</span> <span class='ocrx_word' id='word_1_89' title='bbox 516 609 585 644; x_wconf 59' lang='lat'><strong>&lt;330⁸</strong></span> <span class='ocrx_word' id='word_1_90' title='bbox 568 627 583 644; x_wconf 86' lang='grc' dir='ltr'>υ</span> <span class='ocrx_word' id='word_1_91' title='bbox 607 614 720 645; x_wconf 88' lang='lat' dir='ltr'>eodem</span> <span class='ocrx_word' id='word_1_92' title='bbox 744 625 840 646; x_wconf 91' lang='lat' dir='ltr'>sensu</span> <span class='ocrx_word' id='word_1_93' title='bbox 863 613 962 656; x_wconf 79' lang='lat' dir='ltr'>accipi</span> <span class='ocrx_word' id='word_1_94' title='bbox 987 614 1160 645; x_wconf 85' lang='lat' dir='ltr'>contendit.</span> 
     </span>
    </p>

    <p class='ocr_par' dir='ltr' id='par_1_4' title="bbox 78 667 1246 1214">
     <span class='ocr_line' id='line_1_12' title="bbox 171 667 1243 711; baseline -0.001 -10"><span class='ocrx_word' id='word_1_95' title='bbox 171 670 197 710; x_wconf 58' lang='grc' dir='ltr'>ᾧ.</span> <span class='ocrx_word' id='word_1_96' title='bbox 216 669 247 701; x_wconf 81' lang='grc'>8.</span> <span class='ocrx_word' id='word_1_97' title='bbox 272 668 386 708; x_wconf 71' lang='grc' dir='ltr'>διπλῖἰ)</span> <span class='ocrx_word' id='word_1_98' title='bbox 412 670 450 700; x_wconf 88' lang='lat' dir='ltr'>cf.</span> <span class='ocrx_word' id='word_1_99' title='bbox 475 669 569 700; x_wconf 79' lang='lat' dir='ltr'>Polit.</span> <span class='ocrx_word' id='word_1_100' title='bbox 587 669 623 707; x_wconf 92' lang='grc' dir='ltr'>ΙΙ,</span> <span class='ocrx_word' id='word_1_101' title='bbox 651 670 708 702; x_wconf 78' lang='lat'><strong>1⁴2:</strong></span> <span class='ocrx_word' id='word_1_102' title='bbox 735 670 801 710; x_wconf 76' lang='grc' dir='ltr'>ἔγέεν</span> <span class='ocrx_word' id='word_1_103' title='bbox 806 683 837 700; x_wconf 82' lang='grc' dir='ltr'>το</span> <span class='ocrx_word' id='word_1_104' title='bbox 863 669 892 700; x_wconf 69' lang='lat' dir='ltr'>ds</span> <span class='ocrx_word' id='word_1_105' title='bbox 916 682 964 700; x_wconf 79' lang='grc' dir='ltr'>και</span> <span class='ocrx_word' id='word_1_106' title='bbox 988 667 1132 707; x_wconf 38' lang='lat' dir='ltr'>[lez-rans}-</span> <span class='ocrx_word' id='word_1_107' title='bbox 1157 668 1243 711; x_wconf 77' lang='grc' dir='ltr'>νόμων</span> 
     </span>
     <span class='ocr_line' id='line_1_13' title="bbox 81 721 1244 767; baseline 0 -11"><span class='ocrx_word' id='word_1_108' title='bbox 81 722 264 767; x_wconf 72' lang='grc' dir='ltr'>δημιουργος,</span> <span class='ocrx_word' id='word_1_109' title='bbox 289 721 351 757; x_wconf 77' lang='grc' dir='ltr'>εἷλλ</span> <span class='ocrx_word' id='word_1_110' title='bbox 377 722 409 756; x_wconf 77' lang='grc' dir='ltr'>οὗ</span> <span class='ocrx_word' id='word_1_111' title='bbox 432 724 592 762; x_wconf 79' lang='grc' dir='ltr'>πολιτειας·</span> <span class='ocrx_word' id='word_1_112' title='bbox 618 738 697 766; x_wconf 76' lang='grc' dir='ltr'>νοαος</span> <span class='ocrx_word' id='word_1_113' title='bbox 720 721 746 755; x_wconf 70' lang='lat'>6²</span> <span class='ocrx_word' id='word_1_114' title='bbox 770 723 839 763; x_wconf 74' lang='grc' dir='ltr'>ιὸιος</span> <span class='ocrx_word' id='word_1_115' title='bbox 863 738 951 756; x_wconf 82' lang='grc' dir='ltr'>αυτου</span> <span class='ocrx_word' id='word_1_116' title='bbox 976 738 1009 756; x_wconf 89' lang='grc' dir='ltr'>το</span> <span class='ocrx_word' id='word_1_117' title='bbox 1034 721 1097 763; x_wconf 61' lang='grc' dir='ltr'>τούς</span> <span class='ocrx_word' id='word_1_118' title='bbox 1121 723 1244 766; x_wconf 62' lang='grc' dir='ltr'>μεὲυον-</span> 
     </span>
     <span class='ocr_line' id='line_1_14' title="bbox 80 777 1243 822; baseline -0.001 -10"><span class='ocrx_word' id='word_1_119' title='bbox 80 794 147 820; x_wconf 73' lang='grc' dir='ltr'>τας,</span> <span class='ocrx_word' id='word_1_120' title='bbox 171 794 204 812; x_wconf 83' lang='grc' dir='ltr'>αν</span> <span class='ocrx_word' id='word_1_121' title='bbox 235 794 416 822; x_wconf 66' lang='grc' dir='ltr'>Πιπτησωσι,</span> <span class='ocrx_word' id='word_1_122' title='bbox 440 780 529 812; x_wconf 81' lang='grc' dir='ltr'>πλείω</span> <span class='ocrx_word' id='word_1_123' title='bbox 556 779 656 822; x_wconf 76' lang='grc' dir='ltr'>ζηαίαν</span> <span class='ocrx_word' id='word_1_124' title='bbox 680 777 818 812; x_wconf 75' lang='grc' dir='ltr'>ἄποτινειν</span> <span class='ocrx_word' id='word_1_125' title='bbox 848 793 902 812; x_wconf 84' lang='grc' dir='ltr'>των</span> <span class='ocrx_word' id='word_1_126' title='bbox 926 778 1085 822; x_wconf 83' lang='grc' dir='ltr'>νηφοντων·</span> <span class='ocrx_word' id='word_1_127' title='bbox 1117 778 1164 811; x_wconf 63' lang='grc' dir='ltr'>διαὶ</span> <span class='ocrx_word' id='word_1_128' title='bbox 1189 793 1243 821; x_wconf 83' lang='grc' dir='ltr'>γαρ</span> 
     </span>
     <span class='ocr_line' id='line_1_15' title="bbox 82 832 1244 878; baseline -0.001 -11"><span class='ocrx_word' id='word_1_129' title='bbox 82 833 113 868; x_wconf 68' lang='grc' dir='ltr'>τὸ</span> <span class='ocrx_word' id='word_1_130' title='bbox 142 835 253 874; x_wconf 77' lang='grc' dir='ltr'>πλείους</span> <span class='ocrx_word' id='word_1_131' title='bbox 281 832 400 876; x_wconf 70' lang='grc' dir='ltr'>ὑβρίζειν</span> <span class='ocrx_word' id='word_1_132' title='bbox 431 833 589 878; x_wconf 60' lang='grc' dir='ltr'>μεθύοντας</span> <span class='ocrx_word' id='word_1_133' title='bbox 620 832 799 877; x_wconf 76' lang='grc' dir='ltr'>ἢνήφοντας</span> <span class='ocrx_word' id='word_1_134' title='bbox 831 833 862 867; x_wconf 79' lang='grc' dir='ltr'>οὐ</span> <span class='ocrx_word' id='word_1_135' title='bbox 892 833 962 875; x_wconf 67' lang='grc' dir='ltr'>πρὸς</span> <span class='ocrx_word' id='word_1_136' title='bbox 1002 834 1050 878; x_wconf 75' lang='grc' dir='ltr'>τὴν</span> <span class='ocrx_word' id='word_1_137' title='bbox 1082 833 1244 878; x_wconf 76' lang='grc' dir='ltr'><em>συγγνώμην</em></span> 
     </span>
     <span class='ocr_line' id='line_1_16' title="bbox 81 887 1244 934; baseline -0.002 -10"><span class='ocrx_word' id='word_1_138' title='bbox 81 889 257 932; x_wconf 69' lang='grc' dir='ltr'>ἀπέβλεψεν,</span> <span class='ocrx_word' id='word_1_139' title='bbox 288 887 330 923; x_wconf 66' lang='grc' dir='ltr'>ὅτι</span> <span class='ocrx_word' id='word_1_140' title='bbox 356 894 402 923; x_wconf 74' lang='grc' dir='ltr'>δεῖ</span> <span class='ocrx_word' id='word_1_141' title='bbox 420 889 575 934; x_wconf 64' lang='grc' dir='ltr'>μεθύουσιν</span> <span class='ocrx_word' id='word_1_142' title='bbox 599 889 672 932; x_wconf 75' lang='grc' dir='ltr'>ἔχειν</span> <span class='ocrx_word' id='word_1_143' title='bbox 695 891 822 934; x_wconf 67' lang='grc' dir='ltr'>μῖίλλον,</span> <span class='ocrx_word' id='word_1_144' title='bbox 853 888 930 923; x_wconf 63' lang='grc' dir='ltr'>ἀλλά</span> <span class='ocrx_word' id='word_1_145' title='bbox 965 889 1035 931; x_wconf 63' lang='grc' dir='ltr'>πρὸς</span> <span class='ocrx_word' id='word_1_146' title='bbox 1068 889 1101 922; x_wconf 52' lang='grc' dir='ltr'>’τό</span> <span class='ocrx_word' id='word_1_147' title='bbox 1132 891 1244 933; x_wconf 79' lang='grc' dir='ltr'>συμφέ-</span> 
     </span>
     <span class='ocr_line' id='line_1_17' title="bbox 79 945 1244 989; baseline 0 -10"><span class='ocrx_word' id='word_1_148' title='bbox 79 961 136 988; x_wconf 88' lang='grc' dir='ltr'>ρον.</span> <span class='ocrx_word' id='word_1_149' title='bbox 184 949 233 980; x_wconf 89' lang='lat' dir='ltr'>Cf.</span> <span class='ocrx_word' id='word_1_150' title='bbox 257 948 352 979; x_wconf 83' lang='lat' dir='ltr'>Rhet.</span> <span class='ocrx_word' id='word_1_151' title='bbox 375 947 411 986; x_wconf 89' lang='grc' dir='ltr'>ΙΙ,</span> <span class='ocrx_word' id='word_1_152' title='bbox 436 949 498 987; x_wconf 84' lang='grc'>25;</span> <span class='ocrx_word' id='word_1_153' title='bbox 522 948 617 989; x_wconf 81' lang='lat' dir='ltr'>Diog.</span> <span class='ocrx_word' id='word_1_154' title='bbox 641 948 748 979; x_wconf 76' lang='lat' dir='ltr'>Laert.</span> <span class='ocrx_word' id='word_1_155' title='bbox 771 947 793 985; x_wconf 88' lang='grc' dir='ltr'>Ι,</span> <span class='ocrx_word' id='word_1_156' title='bbox 819 948 846 988; x_wconf 60' lang='grc' dir='ltr'>ᾧ.</span> <span class='ocrx_word' id='word_1_157' title='bbox 865 947 917 980; x_wconf 84' lang='grc'>76.</span> <span class='ocrx_word' id='word_1_158' title='bbox 945 966 982 972; x_wconf 96' lang='grc'>-</span> <span class='ocrx_word' id='word_1_159' title='bbox 1033 947 1056 978; x_wconf 81' lang='grc' dir='ltr'>ἐν</span> <span class='ocrx_word' id='word_1_160' title='bbox 1080 945 1176 988; x_wconf 72' lang='grc' dir='ltr'>αὐτῷ)</span> <span class='ocrx_word' id='word_1_161' title='bbox 1201 959 1244 979; x_wconf 83' lang='lat' dir='ltr'>se.</span> 
     </span>
     <span class='ocr_line' id='line_1_18' title="bbox 81 1002 1246 1046; baseline -0.001 -11"><span class='ocrx_word' id='word_1_162' title='bbox 81 1002 219 1046; x_wconf 61' lang='grc' dir='ltr'>μεθύοντι</span> <span class='ocrx_word' id='word_1_163' title='bbox 259 1015 276 1035; x_wconf 89' lang='lat' dir='ltr'>e</span> <span class='ocrx_word' id='word_1_164' title='bbox 314 1004 525 1044; x_wconf 84' lang='lat' dir='ltr'>praecedente</span> <span class='ocrx_word' id='word_1_165' title='bbox 560 1006 618 1041; x_wconf 70' lang='grc' dir='ltr'>τοῖς</span> <span class='ocrx_word' id='word_1_166' title='bbox 659 1002 818 1045; x_wconf 63' lang='grc' dir='ltr'>μεθύουσι,</span> <span class='ocrx_word' id='word_1_167' title='bbox 854 1014 984 1034; x_wconf 86' lang='lat' dir='ltr'>numero</span> <span class='ocrx_word' id='word_1_168' title='bbox 1029 1008 1171 1041; x_wconf 87' lang='lat' dir='ltr'>mutato,</span> <span class='ocrx_word' id='word_1_169' title='bbox 1212 1009 1246 1034; x_wconf 89' lang='lat' dir='ltr'>ut</span> 
     </span>
     <span class='ocr_line' id='line_1_19' title="bbox 81 1059 1244 1101; baseline -0.002 -9"><span class='ocrx_word' id='word_1_170' title='bbox 81 1060 223 1101; x_wconf 86' lang='lat' dir='ltr'>saepius:</span> <span class='ocrx_word' id='word_1_171' title='bbox 248 1060 319 1091; x_wconf 89' lang='lat' dir='ltr'>infr.</span> <span class='ocrx_word' id='word_1_172' title='bbox 345 1071 371 1092; x_wconf 88' lang='lat' dir='ltr'>c.</span> <span class='ocrx_word' id='word_1_173' title='bbox 389 1060 420 1098; x_wconf 80' lang='grc' dir='ltr'>ὃ,</span> <span class='ocrx_word' id='word_1_174' title='bbox 457 1061 484 1101; x_wconf 66' lang='grc' dir='ltr'>ξ.</span> <span class='ocrx_word' id='word_1_175' title='bbox 505 1060 563 1099; x_wconf 75' lang='lat'>113</span> <span class='ocrx_word' id='word_1_176' title='bbox 588 1059 640 1095; x_wconf 90' lang='lat' dir='ltr'>IV,</span> <span class='ocrx_word' id='word_1_177' title='bbox 676 1070 702 1091; x_wconf 91' lang='lat' dir='ltr'>c.</span> <span class='ocrx_word' id='word_1_178' title='bbox 721 1060 751 1098; x_wconf 84' lang='lat'>5,</span> <span class='ocrx_word' id='word_1_179' title='bbox 789 1059 898 1100; x_wconf 69' lang='lat'>§.103</span> <span class='ocrx_word' id='word_1_180' title='bbox 929 1059 986 1097; x_wconf 87' lang='lat' dir='ltr'>Vl,</span> <span class='ocrx_word' id='word_1_181' title='bbox 1023 1071 1049 1090; x_wconf 89' lang='lat' dir='ltr'>c.</span> <span class='ocrx_word' id='word_1_182' title='bbox 1080 1059 1118 1097; x_wconf 80' lang='grc'>8,</span> <span class='ocrx_word' id='word_1_183' title='bbox 1154 1059 1182 1100; x_wconf 60' lang='grc' dir='ltr'>ᾧ.</span> <span class='ocrx_word' id='word_1_184' title='bbox 1208 1059 1244 1098; x_wconf 85' lang='grc'>5;</span> 
     </span>
     <span class='ocr_line' id='line_1_20' title="bbox 78 1115 1245 1156; baseline -0.003 -8"><span class='ocrx_word' id='word_1_185' title='bbox 78 1116 163 1155; x_wconf 90' lang='lat' dir='ltr'>VIII,</span> <span class='ocrx_word' id='word_1_186' title='bbox 195 1127 222 1147; x_wconf 90' lang='lat' dir='ltr'>c.</span> <span class='ocrx_word' id='word_1_187' title='bbox 248 1115 279 1155; x_wconf 79' lang='lat'>3,</span> <span class='ocrx_word' id='word_1_188' title='bbox 312 1116 340 1156; x_wconf 59' lang='grc' dir='ltr'>ξ.</span> <span class='ocrx_word' id='word_1_189' title='bbox 364 1116 395 1149; x_wconf 84' lang='grc'>2.</span> <span class='ocrx_word' id='word_1_190' title='bbox 455 1116 526 1147; x_wconf 89' lang='lat' dir='ltr'>Hoc</span> <span class='ocrx_word' id='word_1_191' title='bbox 554 1121 662 1147; x_wconf 86' lang='lat' dir='ltr'>tamen</span> <span class='ocrx_word' id='word_1_192' title='bbox 697 1116 767 1146; x_wconf 89' lang='lat' dir='ltr'>loco</span> <span class='ocrx_word' id='word_1_193' title='bbox 802 1115 884 1146; x_wconf 89' lang='lat' dir='ltr'>redit</span> <span class='ocrx_word' id='word_1_194' title='bbox 906 1119 1031 1145; x_wconf 83' lang='lat' dir='ltr'>tantum</span> <span class='ocrx_word' id='word_1_195' title='bbox 1055 1115 1245 1146; x_wconf 82' lang='lat' dir='ltr'>Aristoteles</span> 
     </span>
     <span class='ocr_line' id='line_1_21' title="bbox 81 1167 1037 1214; baseline -0.001 -11"><span class='ocrx_word' id='word_1_196' title='bbox 81 1172 121 1203; x_wconf 81' lang='lat' dir='ltr'>ad</span> <span class='ocrx_word' id='word_1_197' title='bbox 151 1171 340 1213; x_wconf 79' lang='lat' dir='ltr'>singularem</span> <span class='ocrx_word' id='word_1_198' title='bbox 374 1171 489 1214; x_wconf 77' lang='grc' dir='ltr'>(οοκῇ),</span> <span class='ocrx_word' id='word_1_199' title='bbox 524 1171 636 1212; x_wconf 88' lang='lat' dir='ltr'>plurali</span> <span class='ocrx_word' id='word_1_200' title='bbox 658 1167 814 1212; x_wconf 60' lang='grc' dir='ltr'>μεθύουσιν</span> <span class='ocrx_word' id='word_1_201' title='bbox 836 1171 1037 1212; x_wconf 74' lang='lat' dir='ltr'>interposito·</span> 
     </span>
    </p>

    <p class='ocr_par' dir='ltr' id='par_1_5' title="bbox 81 1218 1244 1324">
     <span class='ocr_line' id='line_1_22' title="bbox 168 1218 1244 1269; baseline -0.001 -10"><span class='ocrx_word' id='word_1_202' title='bbox 168 1228 197 1269; x_wconf 62' lang='grc' dir='ltr'>ᾧ.</span> <span class='ocrx_word' id='word_1_203' title='bbox 221 1227 252 1259; x_wconf 91' lang='grc'>9.</span> <span class='ocrx_word' id='word_1_204' title='bbox 299 1224 333 1265; x_wconf 70' lang='grc' dir='ltr'>ὡς</span> <span class='ocrx_word' id='word_1_205' title='bbox 356 1223 397 1258; x_wconf 78' lang='grc' dir='ltr'>ἐπ’</span> <span class='ocrx_word' id='word_1_206' title='bbox 423 1223 518 1265; x_wconf 70' lang='grc' dir='ltr'>αὐτοῖς</span> <span class='ocrx_word' id='word_1_207' title='bbox 543 1218 586 1265; x_wconf 70' lang='grc' dir='ltr'>ἕν)</span> <span class='ocrx_word' id='word_1_208' title='bbox 640 1225 747 1258; x_wconf 89' lang='lat' dir='ltr'>Habes</span> <span class='ocrx_word' id='word_1_209' title='bbox 771 1226 832 1258; x_wconf 90' lang='lat' dir='ltr'>hoc</span> <span class='ocrx_word' id='word_1_210' title='bbox 855 1227 927 1258; x_wconf 91' lang='lat' dir='ltr'>loco</span> <span class='ocrx_word' id='word_1_211' title='bbox 951 1226 1165 1258; x_wconf 82' lang='lat' dir='ltr'>accusativum</span> <span class='ocrx_word' id='word_1_212' title='bbox 1190 1226 1244 1258; x_wconf 86' lang='lat' dir='ltr'>ab·</span> 
     </span>
     <span class='ocr_line' id='line_1_23' title="bbox 81 1281 1089 1324; baseline -0.001 -9"><span class='ocrx_word' id='word_1_213' title='bbox 81 1284 236 1321; x_wconf 81' lang='lat' dir='ltr'>solutum,</span> <span class='ocrx_word' id='word_1_214' title='bbox 265 1283 305 1314; x_wconf 87' lang='lat' dir='ltr'>de</span> <span class='ocrx_word' id='word_1_215' title='bbox 330 1294 392 1324; x_wconf 85' lang='lat' dir='ltr'>quo</span> <span class='ocrx_word' id='word_1_216' title='bbox 416 1282 513 1314; x_wconf 87' lang='lat' dir='ltr'>verba</span> <span class='ocrx_word' id='word_1_217' title='bbox 536 1282 668 1314; x_wconf 85' lang='lat' dir='ltr'>fecimus</span> <span class='ocrx_word' id='word_1_218' title='bbox 693 1293 788 1324; x_wconf 88' lang='lat' dir='ltr'>supra</span> <span class='ocrx_word' id='word_1_219' title='bbox 810 1283 849 1313; x_wconf 88' lang='lat' dir='ltr'>ad</span> <span class='ocrx_word' id='word_1_220' title='bbox 873 1293 899 1314; x_wconf 93' lang='lat' dir='ltr'>c.</span> <span class='ocrx_word' id='word_1_221' title='bbox 925 1282 955 1321; x_wconf 82' lang='grc'>2,</span> <span class='ocrx_word' id='word_1_222' title='bbox 989 1283 1017 1323; x_wconf 60' lang='grc' dir='ltr'>ξ.</span> <span class='ocrx_word' id='word_1_223' title='bbox 1039 1281 1089 1314; x_wconf 87' lang='grc'>16.</span> 
     </span>
    </p>

    <p class='ocr_par' dir='ltr' id='par_1_6' title="bbox 172 1334 848 1380">
     <span class='ocr_line' id='line_1_24' title="bbox 172 1334 848 1380; baseline -0.001 -10"><span class='ocrx_word' id='word_1_224' title='bbox 172 1340 200 1380; x_wconf 58' lang='grc' dir='ltr'>ᾧ.</span> <span class='ocrx_word' id='word_1_225' title='bbox 230 1339 278 1370; x_wconf 83' lang='grc'>11.</span> <span class='ocrx_word' id='word_1_226' title='bbox 326 1334 482 1379; x_wconf 63' lang='grc' dir='ltr'>ἡντιναοῦν)</span> <span class='ocrx_word' id='word_1_227' title='bbox 528 1338 694 1369; x_wconf 86' lang='lat' dir='ltr'>Bekkerus</span> <span class='ocrx_word' id='word_1_228' title='bbox 717 1335 848 1379; x_wconf 68' lang='grc' dir='ltr'>ἦνι-ινοῗῖν.</span> 
     </span>
    </p>

    <p class='ocr_par' dir='ltr' id='par_1_7' title="bbox 80 1391 1247 1658">
     <span class='ocr_line' id='line_1_25' title="bbox 172 1391 1247 1435; baseline -0.002 -8"><span class='ocrx_word' id='word_1_229' title='bbox 172 1395 200 1435; x_wconf 63' lang='grc' dir='ltr'>ξ.</span> <span class='ocrx_word' id='word_1_230' title='bbox 219 1394 270 1427; x_wconf 87' lang='grc'>13.</span> <span class='ocrx_word' id='word_1_231' title='bbox 317 1391 356 1435; x_wconf 75' lang='grc' dir='ltr'>μὴ</span> <span class='ocrx_word' id='word_1_232' title='bbox 380 1391 553 1433; x_wconf 60' lang='grc' dir='ltr'>βούλεσθαι)</span> <span class='ocrx_word' id='word_1_233' title='bbox 593 1394 651 1424; x_wconf 85' lang='lat' dir='ltr'>His</span> <span class='ocrx_word' id='word_1_234' title='bbox 676 1394 777 1425; x_wconf 81' lang='lat' dir='ltr'>verbis</span> <span class='ocrx_word' id='word_1_235' title='bbox 803 1399 836 1425; x_wconf 86' lang='lat' dir='ltr'>et</span> <span class='ocrx_word' id='word_1_236' title='bbox 859 1399 927 1425; x_wconf 86' lang='lat' dir='ltr'>tota</span> <span class='ocrx_word' id='word_1_237' title='bbox 950 1395 1009 1425; x_wconf 87' lang='lat' dir='ltr'>hac</span> <span class='ocrx_word' id='word_1_238' title='bbox 1032 1394 1247 1435; x_wconf 81' lang='lat' dir='ltr'>disputatione</span> 
     </span>
     <span class='ocr_line' id='line_1_26' title="bbox 80 1449 1247 1493; baseline -0.001 -12"><span class='ocrx_word' id='word_1_239' title='bbox 80 1450 306 1493; x_wconf 87' lang='lat' dir='ltr'>philosophum</span> <span class='ocrx_word' id='word_1_240' title='bbox 337 1454 481 1480; x_wconf 84' lang='lat' dir='ltr'>nostrum</span> <span class='ocrx_word' id='word_1_241' title='bbox 513 1449 546 1480; x_wconf 88' lang='lat' dir='ltr'>in</span> <span class='ocrx_word' id='word_1_242' title='bbox 569 1450 737 1482; x_wconf 85' lang='lat' dir='ltr'>Platonem</span> <span class='ocrx_word' id='word_1_243' title='bbox 766 1449 890 1488; x_wconf 85' lang='lat' dir='ltr'>invehi,</span> <span class='ocrx_word' id='word_1_244' title='bbox 927 1450 1157 1481; x_wconf 80' lang='lat' dir='ltr'>adnotaverunt</span> <span class='ocrx_word' id='word_1_245' title='bbox 1191 1449 1247 1480; x_wconf 87' lang='lat' dir='ltr'>viri</span> 
     </span>
     <span class='ocr_line' id='line_1_27' title="bbox 82 1505 1246 1547; baseline -0.002 -9"><span class='ocrx_word' id='word_1_246' title='bbox 82 1507 183 1545; x_wconf 86' lang='lat' dir='ltr'>docti,</span> <span class='ocrx_word' id='word_1_247' title='bbox 231 1506 284 1547; x_wconf 88' lang='lat' dir='ltr'>qui</span> <span class='ocrx_word' id='word_1_248' title='bbox 319 1516 416 1546; x_wconf 86' lang='lat' dir='ltr'>saepe</span> <span class='ocrx_word' id='word_1_249' title='bbox 450 1505 630 1543; x_wconf 84' lang='lat' dir='ltr'>contendit,</span> <span class='ocrx_word' id='word_1_250' title='bbox 672 1505 783 1537; x_wconf 87' lang='lat' dir='ltr'>vitium</span> <span class='ocrx_word' id='word_1_251' title='bbox 817 1516 883 1537; x_wconf 90' lang='lat' dir='ltr'>non</span> <span class='ocrx_word' id='word_1_252' title='bbox 919 1516 990 1537; x_wconf 85' lang='lat' dir='ltr'>esse</span> <span class='ocrx_word' id='word_1_253' title='bbox 1024 1505 1246 1543; x_wconf 87' lang='lat' dir='ltr'>voluntarium,</span> 
     </span>
     <span class='ocr_line' id='line_1_28' title="bbox 82 1561 1244 1602; baseline 0 -8"><span class='ocrx_word' id='word_1_254' title='bbox 82 1574 153 1594; x_wconf 87' lang='lat' dir='ltr'>cum</span> <span class='ocrx_word' id='word_1_255' title='bbox 183 1574 247 1593; x_wconf 90' lang='lat' dir='ltr'>non</span> <span class='ocrx_word' id='word_1_256' title='bbox 278 1562 311 1592; x_wconf 92' lang='lat' dir='ltr'>in</span> <span class='ocrx_word' id='word_1_257' title='bbox 335 1562 532 1593; x_wconf 87' lang='lat' dir='ltr'>voluntatem</span> <span class='ocrx_word' id='word_1_258' title='bbox 556 1561 665 1599; x_wconf 79' lang='lat' dir='ltr'>cadat3</span> <span class='ocrx_word' id='word_1_259' title='bbox 704 1562 742 1592; x_wconf 89' lang='lat' dir='ltr'>cf.</span> <span class='ocrx_word' id='word_1_260' title='bbox 767 1562 895 1602; x_wconf 87' lang='lat' dir='ltr'>Protag.</span> <span class='ocrx_word' id='word_1_261' title='bbox 919 1572 950 1602; x_wconf 91' lang='lat' dir='ltr'>p.</span> <span class='ocrx_word' id='word_1_262' title='bbox 976 1561 1039 1593; x_wconf 73' lang='lat'>345</span> <span class='ocrx_word' id='word_1_263' title='bbox 1066 1562 1107 1602; x_wconf 88' lang='lat' dir='ltr'>(p.</span> <span class='ocrx_word' id='word_1_264' title='bbox 1132 1561 1244 1595; x_wconf 76' lang='lat'>217-</span> 
     </span>
     <span class='ocr_line' id='line_1_29' title="bbox 85 1620 249 1658; baseline -0.018 -5"><span class='ocrx_word' id='word_1_265' title='bbox 85 1620 164 1658; x_wconf 86' lang='lat'>218)</span> <span class='ocrx_word' id='word_1_266' title='bbox 188 1624 249 1651; x_wconf 83' lang='lat' dir='ltr'>etc.</span> 
     </span>
    </p>

    <p class='ocr_par' dir='ltr' id='par_1_8' title="bbox 81 1662 1248 2108">
     <span class='ocr_line' id='line_1_30' title="bbox 172 1662 1248 1716; baseline -0.003 -9"><span class='ocrx_word' id='word_1_267' title='bbox 172 1675 200 1716; x_wconf 61' lang='grc' dir='ltr'>ξ.</span> <span class='ocrx_word' id='word_1_268' title='bbox 218 1674 270 1708; x_wconf 87' lang='grc'>14.</span> <span class='ocrx_word' id='word_1_269' title='bbox 311 1662 470 1716; x_wconf 40' lang='grc' dir='ltr'>’προεμένῳ</span> <span class='ocrx_word' id='word_1_270' title='bbox 518 1674 576 1706; x_wconf 86' lang='lat' dir='ltr'>Vel</span> <span class='ocrx_word' id='word_1_271' title='bbox 599 1677 759 1715; x_wconf 76' lang='lat' dir='ltr'>postquam</span> <span class='ocrx_word' id='word_1_272' title='bbox 789 1684 821 1705; x_wconf 84' lang='lat' dir='ltr'>se</span> <span class='ocrx_word' id='word_1_273' title='bbox 848 1673 957 1714; x_wconf 64' lang='lat' dir='ltr'>effudit</span> <span class='ocrx_word' id='word_1_274' title='bbox 976 1677 1005 1705; x_wconf 85' lang='lat' dir='ltr'>et</span> <span class='ocrx_word' id='word_1_275' title='bbox 1019 1673 1163 1714; x_wconf 64' lang='lat' dir='ltr'>projecit,</span> <span class='ocrx_word' id='word_1_276' title='bbox 1198 1674 1248 1704; x_wconf 90' lang='lat' dir='ltr'>vel</span> 
     </span>
     <span class='ocr_line' id='line_1_31' title="bbox 82 1725 1246 1772; baseline -0.002 -10"><span class='ocrx_word' id='word_1_277' title='bbox 82 1742 153 1763; x_wconf 90' lang='lat' dir='ltr'>cum</span> <span class='ocrx_word' id='word_1_278' title='bbox 182 1730 411 1771; x_wconf 85' lang='lat' dir='ltr'>Paraphraste,</span> <span class='ocrx_word' id='word_1_279' title='bbox 448 1741 541 1772; x_wconf 86' lang='lat' dir='ltr'>quem</span> <span class='ocrx_word' id='word_1_280' title='bbox 581 1729 722 1772; x_wconf 87' lang='lat' dir='ltr'>sequitur</span> <span class='ocrx_word' id='word_1_281' title='bbox 757 1729 987 1771; x_wconf 78' lang='lat' dir='ltr'>Argyropylus,</span> <span class='ocrx_word' id='word_1_282' title='bbox 1021 1729 1160 1770; x_wconf 84' lang='lat' dir='ltr'>intellige</span> <span class='ocrx_word' id='word_1_283' title='bbox 1198 1725 1246 1770; x_wconf 80' lang='grc' dir='ltr'>τὴν</span> 
     </span>
     <span class='ocr_line' id='line_1_32' title="bbox 81 1783 1246 1828; baseline -0.002 -10"><span class='ocrx_word' id='word_1_284' title='bbox 81 1783 193 1828; x_wconf 80' lang='grc' dir='ltr'>ὑγίειαν.</span> <span class='ocrx_word' id='word_1_285' title='bbox 239 1786 331 1818; x_wconf 90' lang='lat' dir='ltr'>Prius</span> <span class='ocrx_word' id='word_1_286' title='bbox 356 1791 463 1817; x_wconf 89' lang='lat' dir='ltr'>tamen</span> <span class='ocrx_word' id='word_1_287' title='bbox 487 1785 589 1827; x_wconf 84' lang='lat' dir='ltr'>magis</span> <span class='ocrx_word' id='word_1_288' title='bbox 611 1786 732 1827; x_wconf 86' lang='lat' dir='ltr'>placet,</span> <span class='ocrx_word' id='word_1_289' title='bbox 764 1796 836 1817; x_wconf 90' lang='lat' dir='ltr'>cum</span> <span class='ocrx_word' id='word_1_290' title='bbox 858 1785 1018 1827; x_wconf 84' lang='lat' dir='ltr'>posterius</span> <span class='ocrx_word' id='word_1_291' title='bbox 1043 1785 1085 1816; x_wconf 89' lang='lat' dir='ltr'>sit</span> <span class='ocrx_word' id='word_1_292' title='bbox 1106 1785 1246 1816; x_wconf 86' lang='lat' dir='ltr'>tautolo-</span> 
     </span>
     <span class='ocr_line' id='line_1_33' title="bbox 82 1838 1247 1885; baseline -0.003 -11"><span class='ocrx_word' id='word_1_293' title='bbox 82 1843 148 1885; x_wconf 88' lang='lat' dir='ltr'>gia,</span> <span class='ocrx_word' id='word_1_294' title='bbox 173 1847 206 1874; x_wconf 87' lang='lat' dir='ltr'>et</span> <span class='ocrx_word' id='word_1_295' title='bbox 227 1842 312 1874; x_wconf 89' lang='lat' dir='ltr'>unde</span> <span class='ocrx_word' id='word_1_296' title='bbox 336 1853 442 1873; x_wconf 90' lang='lat' dir='ltr'>sumas</span> <span class='ocrx_word' id='word_1_297' title='bbox 466 1839 515 1883; x_wconf 71' lang='grc' dir='ltr'>τὴν</span> <span class='ocrx_word' id='word_1_298' title='bbox 538 1838 658 1883; x_wconf 72' lang='grc' dir='ltr'>ὑγίειαν,</span> <span class='ocrx_word' id='word_1_299' title='bbox 682 1852 747 1873; x_wconf 91' lang='lat' dir='ltr'>non</span> <span class='ocrx_word' id='word_1_300' title='bbox 770 1841 897 1883; x_wconf 86' lang='lat' dir='ltr'>liqueat.</span> <span class='ocrx_word' id='word_1_301' title='bbox 925 1860 963 1864; x_wconf 97' lang='lat'><strong>—</strong></span> <span class='ocrx_word' id='word_1_302' title='bbox 988 1842 1095 1881; x_wconf 68' lang='grc' dir='ltr'>λαβεῖν)</span> <span class='ocrx_word' id='word_1_303' title='bbox 1120 1841 1247 1882; x_wconf 85' lang='lat' dir='ltr'>Legunt</span> 
     </span>
     <span class='ocr_line' id='line_1_34' title="bbox 81 1897 1246 1937; baseline -0.002 -7"><span class='ocrx_word' id='word_1_304' title='bbox 81 1901 169 1936; x_wconf 77' lang='grc' dir='ltr'>βαλεῖ</span> <span class='ocrx_word' id='word_1_305' title='bbox 192 1898 253 1936; x_wconf 88' lang='grc' dir='ltr'>ΕΙ,</span> <span class='ocrx_word' id='word_1_306' title='bbox 283 1899 372 1937; x_wconf 81' lang='lat' dir='ltr'>Ven,</span> <span class='ocrx_word' id='word_1_307' title='bbox 402 1898 537 1937; x_wconf 82' lang='lat' dir='ltr'>Zellius,</span> <span class='ocrx_word' id='word_1_308' title='bbox 570 1897 779 1936; x_wconf 83' lang='lat' dir='ltr'>Cardwellus,</span> <span class='ocrx_word' id='word_1_309' title='bbox 813 1897 979 1929; x_wconf 87' lang='lat' dir='ltr'>Bekkerus</span> <span class='ocrx_word' id='word_1_310' title='bbox 1010 1897 1078 1928; x_wconf 88' lang='lat' dir='ltr'>sine</span> <span class='ocrx_word' id='word_1_311' title='bbox 1101 1897 1246 1928; x_wconf 85' lang='lat' dir='ltr'>codicum</span> 
     </span>
     <span class='ocr_line' id='line_1_35' title="bbox 82 1953 1244 1994; baseline -0.003 -8"><span class='ocrx_word' id='word_1_312' title='bbox 82 1965 210 1986; x_wconf 87' lang='lat' dir='ltr'>suorum</span> <span class='ocrx_word' id='word_1_313' title='bbox 233 1954 396 1986; x_wconf 81' lang='lat' dir='ltr'>varietate.</span> <span class='ocrx_word' id='word_1_314' title='bbox 444 1953 620 1985; x_wconf 88' lang='lat' dir='ltr'>Nobiscum</span> <span class='ocrx_word' id='word_1_315' title='bbox 643 1953 762 1985; x_wconf 86' lang='lat' dir='ltr'>faciunt</span> <span class='ocrx_word' id='word_1_316' title='bbox 783 1953 862 1992; x_wconf 91' lang='lat' dir='ltr'>NC,</span> <span class='ocrx_word' id='word_1_317' title='bbox 889 1953 992 1990; x_wconf 86' lang='lat' dir='ltr'>CCC,</span> <span class='ocrx_word' id='word_1_318' title='bbox 1020 1953 1244 1994; x_wconf 83' lang='lat' dir='ltr'>Argyropylus,</span> 
     </span>
     <span class='ocr_line' id='line_1_36' title="bbox 81 2006 1247 2048; baseline -0.003 -6"><span class='ocrx_word' id='word_1_319' title='bbox 81 2010 275 2048; x_wconf 85' lang='lat' dir='ltr'>Lambinus,</span> <span class='ocrx_word' id='word_1_320' title='bbox 311 2011 440 2042; x_wconf 79' lang='lat' dir='ltr'>Coraes.</span> <span class='ocrx_word' id='word_1_321' title='bbox 488 2010 660 2043; x_wconf 78' lang='lat' dir='ltr'>Quomodo</span> <span class='ocrx_word' id='word_1_322' title='bbox 690 2014 796 2041; x_wconf 88' lang='lat' dir='ltr'>autem</span> <span class='ocrx_word' id='word_1_323' title='bbox 822 2009 867 2041; x_wconf 86' lang='lat' dir='ltr'>illi</span> <span class='ocrx_word' id='word_1_324' title='bbox 887 2009 944 2040; x_wconf 88' lang='lat' dir='ltr'>viri</span> <span class='ocrx_word' id='word_1_325' title='bbox 968 2009 1052 2040; x_wconf 85' lang='lat' dir='ltr'>docti</span> <span class='ocrx_word' id='word_1_326' title='bbox 1075 2006 1190 2046; x_wconf 74' lang='grc' dir='ltr'>βάλλειν</span> <span class='ocrx_word' id='word_1_327' title='bbox 1215 2013 1247 2039; x_wconf 84' lang='lat' dir='ltr'>et</span> 
     </span>
     <span class='ocr_line' id='line_1_37' title="bbox 82 2063 569 2108; baseline 0 -10"><span class='ocrx_word' id='word_1_328' title='bbox 82 2063 189 2106; x_wconf 76' lang='grc' dir='ltr'>ῥίπτειν</span> <span class='ocrx_word' id='word_1_329' title='bbox 215 2066 426 2108; x_wconf 71' lang='lat' dir='ltr'>distinguant,</span> <span class='ocrx_word' id='word_1_330' title='bbox 451 2066 569 2099; x_wconf 88' lang='lat' dir='ltr'>nescio.</span> 
     </span>
    </p>
   </div>
  </div>
 </body>
</html>
