1439 2342
552 90 624 119 Libri
645 91 679 122 x.
705 92 770 130 cap.
792 93 826 125 11.
1198 93 1271 131 313

114 205 266 245 pretatur.
314 201 376 234 Pro
402 198 481 243 αὐτῷ
506 201 580 243 legit
604 198 676 234 αὐτό
692 206 778 242 (cum
797 201 927 246 τάγαθόν
944 205 1162 247 conjunctum)
1187 206 1271 239 Bek-

115 258 210 290 kerus
233 268 272 290 ex
296 258 351 296 11³,
377 257 422 290 Kb
447 258 669 296 (dissentiente
699 260 908 300 Cardwello)‚
933 259 990 300 Nh‚
1027 262 1139 294 eodem
1163 274 1269 295 sensu.

116 333 158 338 --
183 314 267 356 δῆλον
300 310 374 353 δ’ὡς)
399 315 519 346 Eadem
551 316 708 347 sententia
734 317 799 358 jam
833 318 968 349 occurrit
998 329 1092 360 supra
1128 319 1157 357 l,
1187 330 1214 351 c.
1239 320 1270 358 7,

116 371 144 412 ξ.
168 370 199 404 8.
224 388 266 394 -
292 367 350 402 οὐδ’
375 363 447 403 ἄλλο
473 367 565 409 οὐδέν)
587 372 724 413 Nempe,
749 377 783 403 nt
808 373 883 404 dicit
906 374 995 404 Plato
1019 374 1038 405 1.
1057 374 1088 412 1.,
1106 375 1269 416 sapientia,

117 437 218 465 mens,
244 427 376 459 scientia
401 432 432 459 et
457 428 610 459 memoria
637 440 654 459 a
679 429 841 470 voluptate
866 430 1036 471 sejunctae.

206 483 234 525 ξ.
260 483 289 516 6.
337 482 369 514 τί
386 476 430 514 οἶν
459 481 523 514 ἐστὶ
551 484 693 525 τοιοῦτον)
716 485 955 526 paraphrastes:
990 481 1039 517 οὐκ
1064 479 1120 526 ἆρα
1146 483 1162 528 ἡ
1185 482 1273 528 ἡδονή

116 539 177 571 ἐστι
202 535 235 570 τὸ
260 536 383 580 ἔσχατον
409 536 531 580 ἀγαθόν·
557 536 633 572 alna*
659 537 769 581 ἆγαὲἆν
793 554 819 572 τι
844 540 905 572 ἐστὶ
931 542 1070 580 τοιοῦτον,
1088 540 1133 574 osv.
1167 539 1271 583 ἀγαθοί

115 595 182 628 εἰσιν
205 595 235 627 αἱ
259 592 357 636 ἐρεῖ-αἳ
381 593 429 627 καὶ
454 596 483 627 αἱ
508 596 666 638 ἐπιστῆμαι
690 594 737 628 καὶ
764 589 867 635 τᾶλλα,
893 592 927 628 υἷι]
951 595 997 629 καὶ
1024 595 1098 639 ἡμεῖς
1127 598 1271 630 κοινωνοῦ-

114 665 172 696 μεν.
212 652 264 683 Sic
289 658 320 683 et
346 652 540 684 Eustratius:
567 649 630 684 ἀλλ’
655 649 766 693 οἶγαθὲν
783 652 829 694 μὲν
845 650 1009 695 ῥηθήσεται
1035 658 1094 692 (sc.
1120 651 1135 695 ἡ
1160 651 1270 696 τ’ὁσνή),

115 705 142 739 τὶ
173 706 203 739 δὲ
234 704 346 749 ἀγαθὸν
375 706 423 739 καὶ
455 707 597 746 τσιοῧτεν,
630 703 664 739 ⁶25
693 707 740 740 καὶ
766 705 840 751 ἡμεῖς
864 710 1048 752 κοινωνοῦμεν.
1095 711 1269 752 Postquam

115 764 286 796 Eudoxum
312 764 428 806 carpsit
458 765 647 796 Aristoteles
679 766 943 805 contendentem,
975 767 1170 808 voluptatem
1201 778 1271 799 esse

116 832 274 852 summum
291 820 422 859 bonum,
435 821 560 852 Platoni
578 822 748 853 assentitur
764 822 920 864 probanti,
945 834 1008 854 non
1027 833 1096 855 esse
1114 834 1271 854 summum

115 877 246 909 bonum.
273 877 336 908 Sed
361 888 430 908 cum
457 877 548 908 Plato
573 877 602 908 id
625 878 782 919 voluptati
808 878 979 920 opprobrio
1003 890 1073 910 esse
1097 879 1182 918 velit,
1201 878 1271 910 Ari-

116 933 248 966 stoteles
271 933 355 964 laudi
380 933 521 975 apponit,
546 938 580 964 ut
605 944 699 975 supra
725 933 765 975 (l,
790 946 816 966 c.
843 933 873 973 6,
898 935 924 975 ξ.
945 934 999 973 13)
1017 934 1157 966 Platonis
1184 935 1271 966 ideae

116 989 249 1032 objecit:
276 988 359 1031 δῆλον
385 985 418 1027 ὥς
450 985 499 1020 οὐκ
531 984 562 1020 ἂν
593 987 636 1030 εἴη
669 987 794 1030 xpum-:xv
826 987 890 1021 οὐδὲ
919 988 1021 1032 κτητὸν
1046 987 1202 1031 ἀνθρώπῳ·
1231 989 1271 1022 νῦν

117 1045 147 1078 δὲ
171 1043 297 1077 τοιοῦτόν
321 1058 348 1076 τι
372 1047 509 1087 ζητεῖται.
548 1045 620 1076 Jam
646 1057 721 1077 vero
747 1046 871 1078 omissis
896 1047 1028 1078 Platone
1052 1048 1181 1089 ejusque
1204 1046 1272 1079 ide-

118 1114 206 1135 arum
231 1102 388 1139 doctrina,
413 1102 444 1132 in
469 1102 505 1133 iis
536 1102 708 1133 refutandis
740 1103 859 1135 Noster
888 1103 998 1145 pergit,
1024 1103 1075 1145 qui
1105 1114 1143 1134 eo
1173 1114 1273 1145 usque

117 1159 253 1191 Eudoxo
279 1159 544 1197 contradixerunt,
569 1164 604 1189 ut
633 1164 816 1200 argumenta
851 1159 917 1201 ejus
942 1170 982 1190 ne
1017 1160 1055 1191 ad
1079 1158 1112 1189 id
1148 1159 1272 1201 quidem

115 1215 219 1246 valere
244 1215 435 1256 putaverint,
460 1220 496 1246 ut
511 1215 707 1256 voluptatem
725 1215 854 1246 omnino
872 1215 989 1246 bonum
1015 1226 1084 1246 esse
1109 1215 1271 1257 probetur.

116 1271 211 1304 Jnest
233 1271 326 1312 igitur
349 1271 410 1302 hoc
433 1271 504 1302 loco
528 1271 558 1302 in
574 1272 724 1312 particula
748 1264 792 1302 οὖν
817 1271 971 1314 quaedam
995 1271 1042 1302 vis
1067 1271 1273 1310 adversativa,

118 1339 212 1370 quam
236 1327 368 1358 nimium
389 1327 476 1369 justo
501 1327 587 1358 auxit
599 1327 734 1360 Garvius
748 1328 779 1359 in
804 1328 948 1359 versione
962 1338 1018 1358 sua
1031 1327 1084 1366 (T.
1099 1326 1135 1365 Il,
1149 1338 1179 1368 p.
1194 1326 1274 1360 583-

118 1383 210 1422 584),
225 1383 263 1414 ab
277 1383 449 1415 editoribus
467 1394 591 1426 quoque
617 1384 657 1414 ob
681 1383 712 1415 id
736 1384 839 1425 ipsum
856 1384 1062 1425 vituperatus.
1077 1399 1119 1405 -
1131 1382 1273 1424 λέγουσιν)

117 1440 201 1472 Decii
226 1439 270 1471 sic
295 1440 380 1471 solus
406 1440 469 1470 fere
495 1451 511 1470 e
531 1440 602 1479 Par,
627 1440 712 1478 Vrat,
737 1439 809 1477 Ald,
827 1440 911 1479 Ven3
936 1439 1090 1470 accedunt
1107 1439 1174 1480 jam
1191 1450 1275 1471 nunc

118 1495 173 1535 11⁶,
197 1494 254 1527 Νὴ.
302 1496 403 1537 Vulgo
428 1494 555 1536 λέγωσιν,
581 1496 637 1527 sed
666 1501 769 1527 exstat
792 1495 979 1527 indicativus
1004 1495 1096 1526 etiam
1129 1505 1223 1536 supra
1246 1506 1273 1527 c.

121 1554 149 1592 1,
173 1553 200 1594 ξ.
227 1552 256 1584 3.
281 1570 325 1575 -
349 1546 370 1596 ᾗ
391 1551 438 1594 μὲν
462 1549 516 1593 γάρ
542 1548 579 1583 τοὶ
604 1548 710 1593 εἷνόητει
736 1549 877 1592 ἒρέγεται)
910 1545 930 1595 ᾗ
951 1551 1062 1593 scripsi
1093 1561 1132 1582 ex
1159 1551 1218 1582 Ald
1243 1556 1275 1583 et

118 1610 186 1641 Ven
210 1619 268 1651 pro
292 1607 331 1640 εἰς
356 1608 514 1650 vulgatam
531 1607 556 1640 εἰ
578 1608 630 1650 qui
644 1609 796 1646 maluerit,
821 1614 856 1639 ut
878 1607 1104 1649 Argyropylus,
1129 1607 1275 1649 suppleat

120 1677 191 1698 cum
223 1665 387 1697 Eustratio
419 1670 451 1696 et
480 1665 690 1707 Paraphraste
721 1662 801 1707 μένεν
831 1665 871 1696 ad
895 1660 931 1695 ταὶ
962 1661 1078 1705 ἀνόητα,
1102 1675 1173 1695 cum
1198 1662 1223 1695 εἰ
1244 1662 1274 1695 δὲ

119 1721 172 1754 καί
190 1727 356 1764 sequatur3
381 1726 578 1764 testaturque
602 1722 795 1760 Lambinus,
821 1721 975 1763 quosdam
1001 1720 1126 1751 codices
1149 1717 1220 1761 μόνοι
1243 1720 1273 1750 in

118 1784 208 1812 textu
231 1778 388 1810 exhibere.
434 1779 497 1810 Pro
522 1774 649 1819 ὀρέγεται
666 1779 829 1810 Bekkerus
853 1774 971 1818 ὠρέγετο
996 1787 1035 1807 ex
1059 1776 1114 1814 H³‚
1138 1774 1192 1814 Ι),
1216 1774 1274 1814 Νι),

120 1841 153 1868 et
176 1834 396 1867 Wilkinsonus
422 1834 489 1866 sine
514 1835 658 1866 codicum
683 1834 846 1872 varietate,
871 1845 941 1866 cum
966 1832 1057 1864 Zellii
1087 1832 1212 1863 codices
1244 1836 1276 1862 et

120 1893 189 1924 Ven
207 1902 359 1933 praesens
376 1895 540 1930 tueantur;
565 1896 669 1922 ortum
694 1896 743 1922 est
765 1890 996 1931 imperfectum,
1021 1893 1055 1919 ut
1078 1888 1211 1926 videtur,
1236 1898 1275 1918 ex

121 1948 147 1981 εἶ
175 1959 232 1990 pro
256 1943 284 1991 ἦ,
309 1947 365 1979 sed
389 1947 530 1988 pessimo
555 1958 661 1985 sensu,
686 1947 759 1988 quia
794 1943 865 1988 μένα
884 1946 950 1987 jam
980 1945 1117 1986 suppleri
1142 1954 1206 1975 non
1237 1943 1274 1974 li-

121 2004 230 2036 cuerit.
267 2003 488 2046 Imperfectum
514 2009 546 2035 et
570 2004 751 2045 conjunctio
765 2002 789 2034 εἰ
809 2001 1025 2045 proculdubio
1051 2011 1089 2031 ex
1112 1999 1274 2031 Eustratio

123 2066 154 2093 et
166 2061 377 2102 Paraphraste
390 2061 559 2092 fluxerunt.
586 2060 704 2092 Coraes
726 2065 833 2102 aperte
853 2059 883 2089 in
901 2062 1004 2089 textu:
1022 2056 1046 2087 εἰ
1061 2075 1097 2080 —-
1113 2052 1184 2097 μόνα
1203 2051 1275 2095 ὠρέ-

121 2131 197 2159 γετο.
224 2117 374 2149 Ceterum
394 2114 429 2148 rel
448 2114 554 2159 ἀνόητα
570 2120 794 2158 interpretatur
809 2113 986 2146 Eustratius
1000 2117 1084 2144 recte
1099 2107 1147 2143 :rol
1172 2102 1274 2151 ἄλογα.

122 2193 166 2198 -
189 2166 220 2216 ἦν
244 2165 276 2205 οἷν
300 2187 326 2206 τι
349 2171 507 2217 λεγέμενοὶι)
533 2172 752 2207 Wilkinsonus
776 2176 809 2204 et
827 2170 990 2204 Bekkerus
1016 2165 1049 2200 τό
1071 2173 1147 2211 post
1168 2181 1196 2200 τι
1219 2167 1274 2200 ad-
