1439 2342
455 104 527 132 Libri
541 104 589 135 Vl.
623 104 688 140 cap.
705 103 767 132 vm
789 104 859 138 (ix).
1169 99 1240 136 211

81 214 291 248 Cardwellum
315 207 619 256 expressis'verbis,
646 214 819 246 Eudemus.
866 214 940 246 Non
963 213 1001 244 de
1026 211 1188 244 docilitate
1212 211 1245 243 in

79 272 279 311 universum,
316 272 373 303 sed
409 271 447 303 de
489 272 711 303 mathematica
747 282 928 303 sermonem
964 281 1034 301 esse
1071 268 1247 301 ostendunt

80 328 244 370 sequentia
261 324 297 359 τοὶ
319 327 365 370 μὲν
390 328 427 359 (δι’
453 324 641 368 ἀφαιρέσεως,
666 340 745 370 quae
770 339 832 360 non
857 328 917 359 nisi
938 327 976 358 ad
994 338 1063 358 eam
1082 325 1246 358 scientiam

79 385 186 416 referri
215 390 362 426 possunt.
409 385 491 416 Fieri
525 390 630 416 tamen
664 385 785 426 potuit,
824 390 858 416 ut
894 395 954 416 vox
989 379 1153 426 μαθητικός
1188 393 1246 424 pro

79 438 285 484 μαθηματικός
308 447 459 482 usurpata
483 442 589 479 fuerit,
615 442 697 473 sicut
719 441 750 472 in
775 441 1005 482 Metaphysicis
1031 447 1141 472 contra
1163 439 1199 478 (I,
1218 440 1246 480 1)

80 494 349 539 μαθηματικώτερα
391 498 530 539 positum
571 504 621 528 est
661 508 718 539 pro
759 495 997 540 μαθητικώτερα.
1056 497 1130 530 Quo
1165 497 1247 535 1000,

80 553 162 585 illam
187 564 298 586 vocem
329 565 519 596 quamquam
552 566 667 585 novem
701 554 826 585 codices
854 560 999 592 tuentur,
1030 559 1136 585 tamen
1167 553 1249 585 lianc

81 610 215 643 Brandis
241 617 274 642 et
299 611 461 643 Bekkerus
486 612 612 652 vulgata
637 617 757 642 mutata
788 611 817 642 in
849 617 972 642 textum
996 621 1161 652 recepere,
1194 621 1250 641 sex

81 668 272 710 reliquorum
303 668 440 700 Bekkeri
471 669 616 700 codicum
649 668 836 700 auctoritate
872 668 943 699 nisi.
973 685 1017 690 —
1064 663 1101 698 τοὶ
1133 666 1180 708 μὲν
1211 666 1248 698 δι’

82 721 281 763 ἀφαιρέσεως)
317 722 353 756 τά
379 725 416 757 ὁι’
441 721 620 764 ἀφαιρέσεως
645 737 681 756 ea
705 731 789 764 sunt,
815 736 906 767 quae,
931 736 1002 755 cum
1028 730 1139 754 natura
1156 723 1250 754 simul

82 787 114 812 et
138 781 359 822 inseparabilia
384 782 447 813 sint
472 778 524 820 (τᾶ
557 781 770 823 συγκεχυμένα,
802 782 952 822 Hegelio:
992 782 1047 813 das
1079 780 1248 821 Uenerem),

82 838 274 879 cogitatione
304 844 337 869 et
366 839 608 870 ratiocinatione
639 843 827 880 separantur
857 838 959 879 (apud
988 849 1066 869 nos:
1101 838 1157 869 das
1186 838 1250 869 Ab·

82 898 217 933 straete).
264 895 452 927 Abstractae
476 901 582 927 autem
607 902 761 927 vocantur
783 907 834 927 res
855 894 1107 933 mathematicae,
1133 894 1249 936 quippe

84 962 163 994 quae
187 962 242 993 per
268 963 301 983 se
326 952 461 984 existere
485 963 549 983 non
573 953 712 994 possint,
737 953 793 984 sed
818 951 1013 983 naturalibus
1038 951 1133 983 rebus
1158 951 1249 982 inna-

83 1013 144 1046 tae,
175 1008 376 1050 cogitationis
406 1009 437 1040 vi
467 1021 484 1040 a
516 1009 611 1041 rebus
636 1009 831 1040 naturalibus
857 1008 1044 1040 divellantur
1069 1014 1101 1039 et
1124 1007 1247 1039 abstra-

83 1065 198 1096 hantur
223 1065 276 1104 (cf.
301 1076 387 1107 supr.
412 1065 450 1096 ad
474 1065 497 1105 I,
523 1076 549 1097 c.
568 1065 598 1103 3,
622 1065 649 1107 ᾧ.
668 1067 698 1104 5,
722 1076 754 1107 p.
778 1065 841 1104 18).
869 1083 902 1089 -
945 1064 999 1097 τῶν
1023 1063 1070 1105 δέ)
1108 1065 1250 1097 Subaudi

85 1121 289 1163 theologiam,
307 1133 387 1164 quae
405 1130 454 1154 est
470 1122 624 1163 sapientia
646 1123 740 1158 (Met.
759 1122 809 1162 Vl,
831 1123 842 1155 1
857 1136 864 1160 ;
882 1121 936 1161 XI,
955 1123 1000 1160 7),
1025 1127 1058 1154 et
1074 1122 1249 1164 physicam,

85 1189 214 1220 quarum
234 1179 386 1221 principia
402 1179 596 1221 experientia
620 1179 698 1211 duce
718 1179 900 1218 clarescere,
922 1179 1135 1220 Philosophus
1163 1190 1249 1211 sem-

82 1246 139 1277 per
157 1235 304 1267 inculcat.
337 1235 385 1267 Cf.
402 1247 497 1278 supra
519 1248 546 1268 c.
565 1235 594 1273 3,
619 1236 646 1278 ᾧ.
667 1235 697 1274 3,
723 1241 755 1268 et
777 1236 856 1268 infra
881 1247 907 1267 c.
927 1237 978 1274 11,
1005 1235 1032 1277 ᾧ.
1052 1236 1082 1274 6,
1108 1247 1250 1278 quaeque

83 1292 122 1323 ad
144 1292 280 1334 priorem
305 1292 409 1324 locum
434 1299 466 1324 et
482 1293 626 1334 superius
644 1293 683 1324 ad
708 1292 729 1331 Ι,
755 1304 781 1324 c.
800 1293 830 1331 7,
857 1291 1017 1334 §.19-20.
1044 1293 1188 1324 diximus.
1209 1311 1248 1318 —

82 1345 131 1380 καὶ
154 1345 192 1380 τοὶ
215 1347 263 1391 μὲν
287 1345 336 1389 οὗ)
373 1348 504 1381 invertit
529 1350 672 1381 ordinem
691 1349 879 1381 Aristoteles
897 1356 930 1381 et
945 1360 1034 1381 more
1053 1350 1249 1381 Graecorum

85 1406 217 1437 alterum
244 1403 291 1445 (τοὶ
316 1405 377 1448 μέν)
411 1407 449 1438 ad
475 1407 662 1449 sapientiam
687 1412 720 1439 et
742 1407 926 1449 physicam,
953 1407 1086 1438 alterum
1112 1406 1177 1448 (τῶν
1202 1405 1248 1447 δέ)

84 1462 123 1494 ad
148 1463 405 1495 mathematicam
429 1464 534 1495 refert.
1079 1485 1107 1497 .-

173 1519 202 1561 §.
226 1519 258 1552 8.
305 1518 356 1551 τοῦ
378 1516 433 1560 γάρ
460 1517 604 1561 ἐσχάτου)
629 1531 673 1552 sc.
697 1530 802 1551 rerum
827 1519 1030 1561 singularium
1056 1519 1139 1561 (vide
1164 1530 1249 1562 supr.

85 1575 113 1617 ᾧ.
131 1576 183 1614 2);
208 1576 340 1608 scientia
365 1582 470 1608 autem
496 1583 545 1608 est
568 1587 673 1608 rerum
699 1576 934 1607 universalium.

173 1633 200 1674 §.
225 1632 255 1666 9.
298 1629 469 1665 Ἀντικεῒται
492 1632 540 1674 μὲν
564 1630 600 1675 δὴ
625 1632 665 1674 τῷ
689 1632 746 1674 νῷ)
770 1645 813 1665 sc.
836 1632 1024 1675 θεωρητικῷ,
1048 1644 1112 1664 non
1143 1637 1250 1664 autem

85 1688 126 1730 τῷ
149 1688 185 1730 νῷ
209 1689 369 1731 πρακτικῷ,
393 1695 428 1722 ut
451 1689 615 1731 apparebit
639 1689 718 1721 infra
739 1701 765 1721 c.
786 1690 836 1728 11,
863 1690 890 1731 ξ.
909 1689 989 1722 4·7.
1015 1708 1058 1713 ——
1096 1689 1150 1721 τῶν
1167 1683 1247 1730 ὅρων)

85 1745 283 1777 Eustratius:
315 1740 395 1786 ἕρσυς
425 1745 458 1777 ὁέ
480 1750 567 1788 φησιν
598 1741 616 1787 ἦ
642 1742 705 1785 τούς,
729 1742 888 1787 ἑριστικσὺς
911 1743 1012 1787 λόγους
1034 1741 1054 1779 ἦ
1077 1741 1176 1785 ἁπλῶς
1200 1742 1250 1785 τοῖς

87 1799 200 1841 πρώτας
225 1798 330 1843 ἀρχάς.
377 1802 518 1845 Intellige
542 1804 671 1835 ultimos
696 1804 898 1835 scientiarum
923 1803 1088 1842 terminos,
1117 1804 1155 1834 de
1180 1803 1249 1845 qui-

85 1857 144 1889 bus
174 1859 253 1890 ratio
283 1859 373 1891 reddi
407 1871 472 1891 non
504 1865 622 1901 potest.
675 1860 776 1892 Recte
807 1861 900 1902 igitur
928 1860 1176 1902 Paraphrastes:
1213 1860 1251 1891 τοὶ

86 1915 187 1955 πρῶτα
206 1913 254 1948 καὶ
273 1912 474 1949 ἀναπόδεικτα.
504 1935 541 1942 -
567 1912 634 1949 ἀλλ’
655 1914 806 1959 αἴσθησις)
823 1917 1029 1949 Prudentiam
1055 1922 1165 1949 auctor
1185 1928 1251 1948 non

86 1982 157 2010 eum
183 1983 312 2004 sensum
336 1978 440 2012 vocat,
465 1984 528 2015 quo
552 1973 707 2012 audimus,
732 1974 875 2006 videmus
900 1980 932 2007 et
947 1974 1075 2017 reliquis
1099 1985 1250 2006 sensuum

87 2029 324 2071 operationibus
357 2030 514 2071 fungimur
546 2026 573 2072 (ἧ
603 2029 657 2062 τῶν
693 2029 798 2071 ἰδίων),
834 2031 891 2063 sed
928 2043 1057 2064 sensum
1091 2031 1251 2073 quendam

87 2096 299 2125 communem,
324 2098 397 2130 quo,
422 2087 496 2129 quid
519 2087 551 2119 in
575 2087 705 2129 singulis
729 2099 838 2120 verum
862 2088 920 2128 sit,
947 2088 1168 2130 perspicimus.
1208 2088 1252 2119 Et

86 2148 256 2185 postquam
278 2144 362 2175 hunc
386 2155 514 2175 sensum
539 2155 610 2176 cum
635 2155 673 2176 eo
697 2156 794 2177 sensu
818 2145 1024 2186 comparavit,
1048 2156 1110 2186 quo
1134 2144 1166 2176 in
1184 2156 1247 2176 man

87 2198 265 2232 thematicis
290 2201 492 2243 percipimuS,
516 2201 706 2244 triangulum
732 2201 997 2243 simplicissimam
1023 2213 1094 2234 esse
1108 2202 1250 2244 figuram,

993 2254 1047 2282 11‘
