1439 2342
482 87 553 114 Libri
574 88 594 114 1.
637 88 702 123 Cap.
726 89 762 115 VI
784 89 850 122 (lvi.
1195 90 1244 127 35

86 207 188 228 rerum
213 196 415 237 singularium
435 206 516 234 esse,
541 206 671 237 quarum
695 197 866 229 essentiam
890 202 923 229 et
945 199 1137 230 mutationes
1153 199 1242 232 ideae

85 253 306 294 producerent.
341 252 406 283 Sed
429 252 481 293 qui
504 252 591 283 ideas
616 263 719 284 rerum
744 264 854 285 causas
877 258 1002 295 putant,
1026 254 1144 286 similes
1169 262 1243 287 sunt

85 308 162 346 illis,
192 308 244 350 qui
273 308 427 339 minorem
459 318 624 339 numerum
655 309 812 340 numerari
835 320 932 350 posse
954 321 1019 341 non
1044 310 1242 351 arbitrantes,

85 364 273 406 duplicando
307 363 394 394 illum
425 374 607 402 numerum,
643 364 687 394 ita
716 365 873 396 numerari
906 375 1004 406 posse
1035 366 1241 407 arbitrentur3

85 425 164 462 quot
185 419 269 452 enim
291 419 356 450 fere
379 424 454 450 sunt
476 430 537 457 res,
562 424 610 450 tot
633 419 792 451 finxerunt
815 420 938 451 ideas.“
976 421 1041 452 Sed
1064 433 1129 454 non
1153 423 1238 455 dixe-

85 481 172 515 runt,
208 476 368 517 quomodo
402 474 585 506 universalis
620 475 717 506 homo
752 475 913 507 hominem
943 477 1132 518 singularem
1166 490 1241 519 pro-

85 535 216 563 crearet.
253 531 440 564 Quinimmo
464 531 644 573 „singulum
664 531 804 572 singulus
828 537 984 573 procreat,
1009 538 1042 564 et
1056 534 1241 566 universalis

84 587 221 619 hominis
255 597 351 618 nemo
381 592 431 618 est
460 587 568 618 filius“
598 587 753 628 (Metaph.
784 587 861 626 XII,
892 588 929 627 3,
953 589 997 629 5).
1051 589 1242 627 „Praeterea

85 644 183 674 multa
205 643 264 674 alia
286 643 377 681 fiunt,
400 643 487 674 velut
510 643 623 674 domus
647 648 702 674 aut
725 644 870 682 annulus,
894 655 1028 686 quorum
1052 656 1117 676 non
1134 646 1243 677 dicunt

84 710 154 731 esse
178 699 317 740 species;
349 710 443 740 quare
467 704 500 730 et
522 704 645 737 cetera,
677 710 810 740 quorum
841 705 917 731 sunt
945 701 1085 741 species,
1114 707 1243 743 propter

84 756 158 786 alias
189 766 300 786 causas
329 766 400 786 esse
431 760 463 786 ct
493 755 561 786 fieri
591 760 737 796 possunt.
784 755 900 786 Dicere
923 767 1018 793 vem,
1052 758 1242 798 exemplaria

83 812 150 842 illas
176 821 246 842 esse
270 816 302 842 et
325 816 428 842 cetera
444 811 489 842 eis
512 811 711 852 participare,
735 811 915 852 vaniloquia
937 817 970 843 et
992 812 1144 854 figmenta
1166 824 1242 855 poe-

84 868 145 898 tica
161 874 211 899 est
226 867 339 898 dicere.
378 867 464 899 Quid
488 867 571 898 enim
596 872 655 905 est,
680 867 765 909 quod
789 867 853 908 agit
876 867 915 898 ad
939 867 1025 899 ideas
1050 869 1241 910 respiciens?

84 923 212 954 Inutiles
235 923 329 964 igitur
352 927 427 953 sunt
450 922 571 963 specics
595 922 689 954 rebus
714 922 932 962 sensibilibus,
957 935 1029 955 cum
1054 935 1112 955 nec
1136 930 1242 956 motus

84 979 231 1020 alicujus,
262 990 321 1010 nec
349 978 622 1010 transmutationis
653 990 767 1010 causae
799 979 879 1018 sint3
910 985 984 1010 sunt
1012 980 1119 1021 potius
1149 992 1244 1012 causa

83 1035 335 1066 immobilitatis“
361 1035 452 1075 (Met.
476 1034 498 1073 Ι,
524 1034 542 1065 9
561 1039 593 1065 et
610 1035 651 1073 7).
691 1035 790 1065 Tollit
811 1034 906 1075 igitur
929 1035 1020 1066 Plato
1044 1040 1145 1068 totam
1169 1049 1243 1069 cau-

84 1102 163 1129 sam,
189 1102 268 1132 quae
284 1090 449 1121 Aristoteli
473 1086 553 1130 εἷρχὴ
578 1085 643 1122 ἕθεν
660 1085 677 1131 ἡ
692 1089 796 1131 κίνησις
819 1095 960 1129 vocatur,
984 1095 1148 1134 totamque
1164 1093 1243 1124 adeo

85 1148 124 1179 de
147 1151 260 1178 natura
283 1145 584 1184 considerationem,
614 1157 685 1176 cum
708 1145 761 1176 illa
784 1157 878 1177 causa
901 1146 933 1177 in
956 1152 1068 1178 natura
1090 1148 1244 1181 latissime

84 1207 203 1234 manet.
252 1201 470 1235 Quamobrem
501 1213 566 1233 non
598 1206 672 1233 sunt
695 1201 837 1233 Platonis
868 1202 957 1233 ideae
987 1203 1147 1242 vivificae,
1178 1216 1242 1236 non

83 1259 263 1301 producunt
292 1269 342 1290 res
367 1259 406 1289 acl
430 1264 551 1297 actum;
582 1258 640 1289 sed
661 1257 849 1289 universalia
871 1257 924 1289 illa
954 1263 1078 1290 tantum
1101 1261 1244 1301 potentia

85 1321 175 1354 sunt,
211 1326 290 1357 quae
321 1314 481 1356 quomodo
517 1314 556 1345 ad
592 1319 697 1345 actum
725 1313 928 1355 perveniant,
962 1315 1054 1346 Plato
1085 1327 1243 1358 exponere

85 1371 203 1403 omisit.

175 1428 197 1459 S
207 1438 303 1459 ecun
313 1427 359 1457 do
375 1425 484 1456 falsam
499 1426 640 1457 idearum
657 1425 900 1467 explicationem
915 1426 1074 1467 redarguit
1086 1427 1243 1460 Aristote-

86 1486 149 1523 les,
174 1483 263 1526 quasi
286 1483 375 1513 ideae
399 1482 463 1513 sint
485 1493 542 1523 per
566 1493 600 1513 se
625 1494 643 1513 a
665 1481 833 1513 sensilibus
856 1481 950 1513 rebus
975 1488 1139 1523 separatae
1168 1485 1244 1525 (χω-

85 1538 208 1581 ραι-τεῇς
247 1538 362 1577 „Ideae
386 1538 413 1569 si
437 1544 512 1569 sunt
533 1549 626 1569 verae
648 1549 752 1569 rerum
775 1538 942 1576 essentiae,
966 1539 1127 1579 quomodo
1151 1551 1244 1581 sepa-

85 1597 145 1628 rari
175 1599 312 1637 possunt
341 1594 380 1624 ab
408 1604 464 1632 eo,
501 1594 587 1635 cujus
619 1593 776 1625 essentiae
806 1594 923 1624 sunt?“
956 1594 1110 1635 (Metaph.
1140 1595 1169 1634 I,
1201 1596 1243 1636 9).

86 1651 238 1684 Essentia
261 1650 345 1681 enim
369 1650 414 1680 rei
436 1649 532 1680 insita
554 1655 614 1680 est.
661 1649 717 1680 Sin
741 1649 864 1687 minus,
888 1660 939 1681 res
963 1650 1002 1680 ab
1026 1652 1165 1682 essentia
1189 1663 1245 1683 sua

87 1711 286 1750 separaretur
316 1710 348 1737 et
378 1710 504 1747 praeter
534 1717 623 1736 suam
648 1705 819 1737 essentiam
849 1705 908 1736 alia
932 1706 1069 1737 essentia
1092 1712 1243 1739 uteretur.

86 1762 197 1800 „Haec
227 1767 334 1794 autem
365 1762 478 1803 singuli
512 1761 651 1793 essentia
681 1761 865 1792 definitione
900 1761 939 1792 ab
974 1761 1045 1793 idea
1078 1763 1246 1796 universali

87 1828 152 1849 non
176 1823 263 1850 esset
287 1818 450 1856 diversa;“
479 1818 612 1859 ideaque
641 1828 748 1848 rursus
777 1817 896 1848 inutilis
926 1822 1021 1849 esset.
1067 1818 1245 1860 „Separare

86 1874 180 1916 igitur
203 1886 297 1906 causa
314 1874 545 1912 difficultatum,
568 1883 648 1914 quae
672 1873 752 1904 circa
774 1873 860 1904 ideas
884 1873 1041 1912 accidunt,
1066 1878 1139 1905 est“
1160 1876 1245 1915 (Me-

88 1931 174 1972 taph.
191 1930 272 1968 Xffl,
298 1930 340 1970 9).
380 1930 493 1961 Parem
517 1935 624 1961 tamen
648 1929 864 1960 difficultatem
887 1929 1084 1968 habebimus,
1109 1931 1136 1961 si
1158 1931 1245 1963 ideas

88 1998 153 2018 non
178 1986 438 2028 separaverimus.
475 1986 534 2024 „Si
556 1986 640 2017 enim
665 1985 733 2027 quis
757 1986 919 2016 sustulerit
942 1986 1153 2018 substantiam
1174 1988 1245 2018 uni·

89 2043 254 2080 versalem,
279 2053 349 2073 cum
375 2042 514 2083 singulae
537 2053 587 2072 res
612 2052 650 2072 ex
672 2041 899 2073 universalibus
922 2042 1082 2083 principiis
1101 2043 1247 2075 deriven-

90 2103 156 2138 tur,
190 2098 410 2130 substantiae“
447 2099 507 2138 (res
538 2097 688 2138 singulae)
724 2109 767 2136 „a
797 2097 1102 2129 non—substantiis“
1138 2099 1247 2137 (rebus

90 2154 330 2195 universalibus)
348 2153 628 2196 „procreabuntur,
646 2159 678 2186 et
693 2153 954 2185 non-substantia
969 2154 1054 2195 prior
1069 2155 1138 2193 erit,
1155 2167 1248 2197 quam

1007 2207 1022 2231 :3
1035 2206 1045 2218 ί
