1439 2342
197 58 268 97 132
478 61 657 88 Commentar.
679 60 714 87 ad
734 60 844 88 Aristot.
865 60 953 88 Ethie.
975 59 1078 87 Nicom.

197 168 256 202 0¹¹.
301 169 374 202 Jam
390 167 554 200 Krischius
577 170 626 209 (p.
644 167 723 208 392)
745 167 839 206 vidite,
863 164 983 207 φευκτόν
997 177 1070 200 esse
1090 168 1256 200 notionem
1277 167 1352 201 sub-

191 227 326 267 jectam,
355 222 510 265 probandi
540 228 665 255 tantum
692 223 791 265 gratia
814 223 1044 263 introductam,
1080 234 1153 256 cum
1179 225 1280 256 minus
1295 224 1354 266 fia-

197 281 338 322 9iendum
361 278 402 310 sit
427 280 527 320 mayis
550 282 749 320 spontaneum.
795 278 831 311 Si
853 275 910 320 οὐχ
933 275 1032 322 ὁμοίως
1057 279 1154 312 vertis
1176 281 1285 320 minua,
1307 279 1352 312 le-

195 335 332 377 gendum
357 339 408 366 est
431 331 566 375 φευκτόν·
592 334 641 366 sin
664 336 777 376 magis,
806 331 949 374 ἑκούσιον,
973 345 1054 377 quae
1074 335 1232 376 posterior
1254 335 1352 377 expli·

196 390 278 423 catio
300 390 399 432 magis
422 391 542 432 placet,
574 401 647 422 cum
671 391 711 422 de
741 390 874 422 notione
897 391 1065 432 spontanei
1089 391 1257 433 praecipue
1279 401 1352 433 aga-

194 453 256 478 tur.
294 466 332 472 —
380 441 475 487 αὗτή)
508 445 675 478 Bekkerus
711 442 794 487 αὐτή.
856 446 1081 488 Paraphrastes
1115 443 1190 487 αὐτὴ
1224 443 1353 488 δηλονότι

194 499 212 543 ἡ
236 499 299 544 ἕξις.

281 558 309 599 ξ.
333 557 363 589 5.
411 554 470 589 ἀπὸ
495 557 547 589 τοῦ
570 557 724 597 προτέρου)
748 557 976 599 Paraphrastes
997 558 1233 600 interpretando
1248 558 1350 590 addit:

194 611 242 644 καὶ
266 610 325 644 ἀπὸ
350 614 404 644 τῶν
426 611 563 644 παιδικῶν
585 609 730 655 ἁμαρτιῶν
761 611 807 644 ἐπὶ
828 610 934 654 ταύτην
956 610 1006 655 τὴν
1029 609 1186 646 ἀκολασίαν
1209 611 1243 645 τὸ
1267 606 1351 656 ὄνομα

193 667 409 711 μετενεχθῆναι.
455 669 581 711 Nempe
611 669 726 711 accipit
749 667 886 710 πρότερεν
916 679 974 711 pro
994 671 1085 710 prius
1106 673 1251 710 tempore,
1279 680 1351 702 cum

194 725 282 767 pueri
305 725 391 767 prius
416 724 514 756 simus
538 735 632 766 quam
654 724 722 757 viri.
768 725 821 758 Sic
847 730 880 757 et
903 725 1033 758 Coraes.
1056 725 1234 757 Felicianus
1257 726 1352 758 etiam

195 781 328 813 alterum
359 791 508 820 sensum,
537 782 627 821 prius
649 782 806 822 diynitate,
840 782 976 823 profert:
1011 782 1216 821 „Possumus
1246 787 1352 814 autem

193 837 298 869 dicere
320 837 371 868 vel
394 848 412 868 a
436 847 535 878 puero
558 836 746 879 incastigato
769 842 803 869 et
825 837 1056 879 intemperante
1073 838 1114 869 ad
1129 837 1231 869 virum
1247 842 1351 870 trans-

192 893 288 924 latam
307 892 406 925 fuisse
428 892 696 932 nominationem,
727 903 766 925 eo
790 893 874 935 quod
897 904 976 935 puer
998 893 1084 935 prior
1106 894 1173 925 viro
1201 898 1267 933 est3
1301 893 1352 926 vel

193 959 210 978 a
226 949 293 980 viro
309 948 350 979 ad
372 959 518 989 puerum,
542 947 659 990 quippe
682 958 754 980 cum
777 947 864 990 prius
886 949 920 980 id
942 948 1086 980 absolute
1110 961 1146 981 ac
1169 949 1352 991 simpliciter

192 1004 329 1042 dicatur,
361 1004 446 1046 quod
471 1009 520 1036 est
544 1003 731 1045 perfectius,
766 1004 934 1045 perfectior
956 1009 1063 1036 autem
1085 1004 1132 1036 vir
1154 1015 1252 1046 puero
1276 1005 1351 1037 sit.“

191 1060 282 1091 Hane
311 1059 441 1091 alteram
471 1059 712 1101 explicationem
735 1060 972 1101 praeferendam
1001 1065 1090 1102 puto.
1147 1061 1231 1092 Nam
1255 1060 1348 1093 abso-

192 1116 257 1147 lute
274 1120 306 1146 et
322 1115 503 1157 simpliciter
519 1115 557 1146 de
581 1115 647 1146 viro
670 1115 868 1156 praedicatur
887 1112 1042 1155 ἀκολασία,
1066 1116 1105 1148 de
1128 1127 1226 1158 puero
1243 1121 1348 1149 autem

158 1198 176 1206 ,
191 1181 249 1212 per
272 1170 417 1202 accidens
441 1176 474 1202 et
496 1170 712 1202 translatione.

282 1226 309 1267 ξ.
335 1226 364 1258 7.
410 1223 458 1257 καὶ
490 1224 677 1266 πανταχόθεν
706 1225 749 1267 τῷ
778 1222 904 1267 ἀνοήτῳ)
936 1227 1035 1258 Recte
1066 1227 1280 1269 Argyropylus
1309 1228 1349 1259 ad

192 1282 356 1324 sequentia
380 1282 484 1313 refert.
503 1300 545 1304 —
569 1279 602 1313 τὸ
627 1281 766 1323 συγχεκές)
792 1282 990 1323 Cupiditatcs
1013 1283 1098 1324 ipsas
1122 1288 1234 1315 natura
1255 1283 1348 1315 nobis

191 1338 313 1370 insitas.
367 1338 442 1370 Quo
474 1337 558 1369 enim
588 1338 688 1379 magis
718 1348 899 1370 exercemus
930 1338 1118 1380 cupiditates
1147 1335 1179 1380 (ἡ
1208 1337 1258 1380 τῆς
1284 1339 1347 1371 ἐπι-

191 1392 298 1435 Ξ-υμίας
323 1392 464 1434 ἐνέργεια)
495 1393 721 1435 materiamque
744 1393 781 1424 iis
807 1393 1063 1435 suppeditamus,
1095 1405 1133 1426 eo
1157 1395 1254 1436 magis
1279 1405 1348 1426 cre·
1406 1423 1407 1426 ,

192 1450 252 1481 scit
275 1453 308 1480 et
331 1454 463 1490 augetur
486 1449 603 1490 cupido
628 1449 714 1490 ipsa3
739 1460 823 1487 nam,
846 1453 882 1480 ut
905 1449 1118 1491 Philosophus
1142 1450 1220 1481 dixit
1243 1460 1347 1492 supra,
1367 1453 1370 1456 ⁴
1406 1471 1407 1474 =

187 1505 318 1546 jucundi
339 1505 452 1547 cupido
476 1504 671 1537 insatiabilis.
700 1525 737 1530 —
779 1501 866 1543 ω’πῖς
889 1504 972 1545 εἷῐναι)
997 1504 1065 1536 εἶναι
1088 1502 1176 1543 αὐτάς
1196 1506 1267 1544 Par,
1290 1506 1346 1544 H’,
1404 1543 1406 1545 ‚
1425 1511 1427 1520 ¹

192 1560 238 1592 Kb
259 1560 481 1600 (dissentiente
506 1561 707 1601 Cardwello),
731 1559 795 1598 N¹¹,
821 1559 886 1599 Ob,
910 1561 1091 1600 Bekkerus;
1115 1560 1183 1593 εἶναι
1206 1560 1268 1594 Mb.

281 1617 308 1657 ᾧ.
333 1617 363 1648 8.
411 1612 498 1657 ὥςπερ
522 1614 594 1658 γάρ)
619 1616 652 1647 δέ
673 1627 731 1658 pro
754 1613 810 1656 γάρ
834 1616 890 1653 El,
928 1617 1034 1655 CCC,
1062 1615 1125 1654 Kb,
1150 1615 1214 1656 0¹¹,
1246 1617 1346 1649 Card-

192 1672 308 1704 wellus.

572 1895 835 1940 LIBER
883 1897 963 1941 lv.

283 2009 381 2041 CAP.
407 2010 433 2041 Ι.
481 2011 509 2052 ᾧ.
538 2012 564 2042 1.
612 2011 707 2053 (Cap.
731 2011 763 2053 Ι.)
810 2011 932 2055 λέγωμεν
952 2031 987 2038 -
1004 2010 1244 2054 ἐλευθεριότητος)
1267 2012 1344 2044 Post

193 2066 225 2096 c'e'
247 2066 334 2097 addit
362 2065 415 2098 καί
440 2065 502 2105 Kb,
534 2066 564 2098 in
597 2078 659 2108 quo
684 2068 857 2100 secundum
880 2068 1088 2101 Cardwellum
1117 2073 1244 2101 exstant
1267 2068 1343 2100 haec

193 2121 287 2153 verba
310 2127 343 2154 ct
371 2123 403 2154 in
424 2122 513 2154 initio
535 2122 628 2164 hujus
652 2122 721 2155 libri
744 2129 776 2155 et
799 2124 831 2155 in
853 2124 916 2156 fine
939 2124 1167 2167 praecedentis.
1192 2142 1235 2148 -
1263 2122 1341 2163 εἶναι)
