1439 2342
185 64 260 102 316
475 65 653 95 Commenta.
681 64 716 94 ad
736 65 846 96 Ari-tot.
865 65 953 97 Echio.
973 64 1078 96 Nicom-

185 177 289 219 luptas
314 185 371 217 per
392 185 426 206 se
450 174 520 216 plus
545 179 600 206 aut
624 174 728 206 minus
753 175 913 218 suscipere
930 175 1053 216 dicitur,
1075 186 1141 210 non
1156 180 1242 210 recte
1264 186 1340 218 aaa}

187 243 254 264 sam
279 231 424 269 afferunt,
450 241 504 262 cur
528 230 682 272 quaedam
699 231 879 274 voluptates
903 233 973 275 plus
993 233 1137 266 minusve
1154 232 1352 275 suscipiant„

186 287 248 330 Ipsi
273 287 356 319 enim
381 287 535 328 voluptati
560 287 620 318 hoc
644 297 707 318 non
733 289 862 327 accidit;
888 289 943 320 sed
962 300 1033 321 cum
1056 289 1236 331 voluptates
1260 288 1338 322 aliae

186 345 249 375 sint
272 354 368 385 purae
393 354 428 374 ac
453 343 602 381 sincerae,
628 344 746 375 scilicet
770 344 875 383 animi,
901 345 979 377 aliae
995 345 1117 384 mistae,
1135 355 1250 387 nempe
1266 355 1337 387 φτ-

184 400 281 442 poris,
307 410 386 441 quae
411 399 535 441 quidem
561 410 632 430 cum
657 400 764 432 dolore
781 402 968 443 conjunctae
992 407 1083 433 sunt:
1103 402 1170 444 jam
1195 405 1335 443 apparet,

183 456 240 488 has
265 456 390 498 quidem
415 461 544 497 propter
568 455 709 487 dolorem
732 456 818 488 illum
835 457 1005 489 admistum
1022 457 1140 490 remitti
1157 462 1190 489 et
1205 457 1335 488 intendi.

183 512 364 544 Eustratius
396 508 502 554 ἀμιγεῖς
532 512 667 543 illustrat
697 509 795 554 ἡὸσνᾶς
830 509 901 544 αὐτὸ
931 515 1004 546 καθ’
1033 509 1120 551 αὗτό,
1149 511 1238 554 χωρίς
1266 525 1336 552 τινος

184 565 374 609 ὑποκειμένου,
401 564 433 598 τὸ
457 566 529 606 εἶὸ·σς
553 568 602 609 τῆς
627 565 724 610 ἡδονῆς
749 566 897 611 νοούμενον,
923 575 955 601 et
985 569 1089 612 μικταί
1107 569 1169 601 sic:
1194 565 1244 607 ‘tols
1266 570 1337 611 μεθ’
1386 579 1397 603 Α

183 621 359 666 ὑπεκειμένον
384 623 537 666 νσσυμένας,
561 621 617 655 offer
641 622 691 663 τιὶς
716 625 741 656 ἐν
766 623 826 667 ἐμοὶ
849 624 899 657 καὶ
921 623 968 656 σοὶ
993 623 1118 664 ἐνούσας,
1155 625 1218 657 Sed
1241 636 1334 667 prae-

182 686 325 722 terquam
362 680 446 722 quod
479 681 539 712 ista
568 681 786 722 interpretatio
819 681 858 713 ab
887 682 1080 714 Aristoteleo
1104 681 1253 724 loquendi
1274 693 1334 713 usu

181 747 310 778 prorsus
335 741 383 768 est
403 736 513 775 aliena,
539 747 601 768 non
628 738 667 768 de
692 737 849 770 abstracta
872 738 1044 780 voluptatis
1075 738 1145 770 idea
1171 738 1333 771 locuturus

181 798 230 824 est
254 792 482 834 PhilosophuS,
508 793 560 835 qui
589 804 629 825 ne
658 794 795 826 universi
826 794 952 837 quidem
981 794 1056 826 boni
1079 795 1182 827 ideam
1207 795 1332 836 dignam

181 849 348 887 censuerit,
375 860 453 891 quae
478 848 516 880 ab
540 850 610 891 ipso
628 851 847 882 consideretur
870 851 923 889 (cf.
948 861 1032 893 supr.
1056 851 1078 889 l,
1104 862 1131 883 c.
1157 849 1187 890 6,
1211 851 1332 893 §.132

179 905 354 947 Utramque
378 904 619 947 explicationem
645 906 870 948 Paraphrastcs
894 907 937 939 ita
960 907 1140 949 conjunxit,
1168 912 1204 938 ut
1227 913 1332 939 tamen

179 967 288 993 noster
309 972 422 992 sensus
451 962 703 1003 praeponderare
734 963 893 995 videatur:
920 959 967 994 τὸν
992 959 1075 994 mir&
1099 960 1134 1005 δὴ
1158 959 1263 1002 τρόπον
1285 961 1334 995 καὶ

180 1014 196 1060 ἡ
221 1014 305 1059 ἡδονὴ
330 1014 403 1059 αὖτ’-ν)
426 1018 476 1059 μὲν
499 1018 571 1050 καθ’
596 1015 696 1059 ἑαυτὴν
721 1015 771 1050 σῦκ
795 1017 869 1051 ἔστιν
898 1015 1040 1059 depae-rog,
1066 1019 1090 1051 ἐν
1114 1018 1145 1050 ὁὶ
1174 1021 1232 1059 τοῖς
1260 1016 1332 1062 ἦδο-

178 1073 266 1117 μένρις
290 1070 339 1115 τὴν
364 1073 493 1105 ἐπίτασιν
517 1071 566 1105 καὶ
590 1071 637 1116 τὴν
661 1066 751 1106 (ἴνεσιν
775 1073 952 1115 ἐπιδέχεται,
985 1070 1028 1107 ’ἔτι
1053 1071 1102 1106 οὔκ
1135 1073 1208 1107 ἔστιν
1232 1071 1332 1118 ἀμιγὴς

177 1127 269 1171 λύπης
293 1129 318 1161 ἔν
343 1129 440 1167 πᾶσιν,
465 1125 529 1161 οὐδὲ
554 1125 663 1171 ὅμοίως.

267 1186 295 1226 ξ.
321 1184 352 1217 4.
399 1184 526 1225 Iterum,
552 1186 607 1218 sed
631 1186 807 1218 accuratius
830 1186 973 1218 Platonis
998 1186 1187 1219 sententiam
1212 1187 1252 1219 de
1274 1198 1332 1220 vo-

176 1242 298 1283 luptate
323 1246 432 1272 auctor
463 1241 605 1273 confutat
634 1242 727 1281 (vide
765 1252 849 1284 supr.
881 1242 919 1274 ad
944 1241 1009 1280 Vll,
1034 1254 1061 1274 c.
1089 1242 1139 1281 12,
1164 1243 1192 1284 ξ.
1217 1242 1264 1282 3).
1287 1261 1331 1268 —

149 1293 237 1330 ,οὐδ’
274 1295 341 1328 εἶναι
375 1296 494 1339 κίνησιν)
529 1298 663 1329 Zellius:
698 1299 751 1337 „E
786 1298 996 1340 praecedente
1031 1296 1139 1330 ἐοίκασι
1169 1299 1331 1341 supplebis

177 1351 259 1385 ἔοικεν
273 1358 345 1384 ante
358 1351 459 1385 εῖναι.“
471 1353 533 1385 Pro
550 1352 654 1395 κίνησιν
671 1352 716 1386 Kb
732 1354 808 1396 legit
821 1351 950 1396 κινήσεις,
964 1359 996 1385 et
1012 1364 1069 1395 pro
1082 1361 1234 1397 sequente
1248 1353 1330 1401 πάσῃ

175 1411 252 1442 item
277 1409 429 1451 pluralem
463 1409 546 1442 πᾶσι.
600 1410 737 1442 Coraes:
764 1406 824 1442 οὐδ’
856 1404 933 1441 οὗτοι
963 1409 994 1441 δὲ
1023 1409 1117 1449 καλῶς
1147 1410 1274 1452 λέγουσιν
1304 1412 1330 1444 οἱ

175 1466 298 1508 λέγοντες
322 1462 372 1507 τὴν
396 1461 493 1507 ἡδονὴν
515 1464 620 1508 κίνησιν
651 1465 728 1499 εῖναι.
779 1465 995 1499 Quamobrem
1026 1471 1057 1497 et
1087 1466 1250 1500 Bekkerus
1279 1468 1327 1499 di-

174 1522 376 1554 stinctionem
391 1527 464 1553 ante
477 1522 502 1552 οἶ
515 1521 548 1553 δέ
558 1522 694 1554 sustulit.
720 1523 783 1554 Sed
804 1522 966 1565 quomodo
987 1522 1098 1554 iterata
1118 1523 1244 1564 negatio
1264 1520 1331 1556 οὐδέ

174 1578 224 1610 hic
244 1578 315 1610 ferri
338 1578 452 1620 possit,
478 1588 542 1609 non
563 1579 666 1610 video.
709 1579 925 1621 Argyropylus
949 1579 1139 1610 infinitivum
1152 1577 1220 1611 εἶναι
1235 1580 1266 1612 in
1285 1584 1332 1612 est

174 1635 317 1666 mutavit.
341 1654 384 1660 -
409 1631 464 1665 οἷον
489 1630 521 1665 τό
552 1634 604 1666 τοῦ
629 1632 755 1678 κόσμου)
786 1635 823 1680 τῇ
852 1646 910 1678 pro
941 1632 974 1666 τέ
1003 1634 1100 1667 habet
1129 1635 1222 1674 Vtut,
1254 1637 1326 1676 Ald,

173 1691 252 1729 Ven,
272 1691 403 1729 Coraes,
429 1690 630 1730 Cardwellus‚
655 1691 818 1724 Bekkerus
843 1702 881 1724 ex
905 1691 960 1731 H‘¹‚
985 1690 1040 1730 Kb,
1064 1689 1128 1731 N⁵3
1147 1692 1327 1725 Eustratius

172 1747 248 1788 legit
277 1743 325 1777 τά.
379 1746 599 1788 Interpretatio
631 1748 782 1780 Eustratii
813 1753 845 1780 et
873 1748 1103 1790 Paraphrastae
1138 1747 1169 1779 in
1205 1753 1327 1780 textum

172 1802 308 1844 irrepsit.
362 1801 512 1834 Ceterum
545 1803 716 1842 mundum,
748 1809 783 1836 ut
811 1804 877 1836 vult
906 1804 1106 1842 Eustratius,
1137 1809 1246 1836 auctor
1277 1805 1328 1837 hic

172 1858 318 1900 intelligit
339 1868 521 1900 supremum
546 1860 717 1892 coelestem
741 1861 861 1900 orbem,
886 1871 950 1893 non
978 1861 1143 1893 erraticum
1169 1864 1220 1899 (ut
1243 1861 1326 1893 Feli-

172 1915 281 1947 cianus
312 1915 406 1946 vertit
430 1915 668 1948 Eustratianum
700 1914 748 1958 τὴν
780 1914 894 1959 οἷπλανῆ
918 1919 1071 1958 σφαῖραν),
1095 1917 1183 1959 cujus
1207 1922 1326 1958 motus,

171 1982 243 2003 cum
269 1981 394 2012 semper
419 1971 478 2003 sibi
502 1973 640 2014 aequalis
666 1973 708 2005 sit
736 1979 768 2005 et
791 1974 949 2006 celeritate
974 1985 1031 2005 sua
1057 1973 1217 2005 stellarum
1241 1984 1325 2006 erra·

171 2027 302 2059 ticarum
327 2033 449 2059 motum
473 2033 613 2070 superet,
638 2029 723 2060 solus
748 2029 892 2062 absolute
917 2029 1000 2062 celer
1023 2030 1083 2062 dici
1099 2035 1216 2073 potest.
1262 2031 1326 2063 Pa-

170 2083 367 2125 raphrastes:
392 2081 440 2115 καὶ
465 2083 490 2116 εἰ
510 2081 551 2127 μὴ
572 2081 647 2127 αὐτή
669 2099 709 2124 τις
734 2083 803 2126 πρὸς
824 2084 923 2128 ἑαυτὴν
943 2088 1065 2125 βραδεῖα
1089 2081 1106 2128 ἢ
1130 2088 1235 2128 ταχεῖα
1253 2085 1324 2126 φαί-

171 2151 244 2171 νεται
283 2139 324 2181 τῷ
354 2137 456 2182 τάχιον
487 2141 592 2174 ἑαυτῶν
621 2139 669 2174 καὶ
699 2139 817 2183 βράδιον
846 2145 988 2177 κινεῖσθαι
1019 2140 1057 2175 τοὶ
1087 2139 1247 2186 κινούμενα,
1277 2139 1325 2174 οἷῖί
