1439 2342
442 93 513 119 Libri
534 93 580 119 111.
618 93 684 126 cap.
703 92 765 118 vm
788 91 860 125 (xi).
1164 89 1235 125 125

76 201 206 232 alterum
231 201 271 232 de
295 202 398 239 inani,
435 201 566 232 alterum
589 201 629 232 de
653 200 758 231 subito
782 200 854 231 belli
878 205 996 232 terrore
1021 200 1081 232 dici
1109 200 1234 233 debeat.

75 255 109 287 Id
140 256 224 297 quod
251 257 365 288 Cicero
396 261 480 288 recte
503 256 705 298 perspexisse
737 256 875 294 videtur,
915 267 986 288 cum
1010 253 1046 288 τοῖ
1075 254 1158 288 καινά
1180 257 1235 288 illo

76 312 146 342 loco
176 309 282 342 πανικοί
311 312 469 349 nominet,
506 316 538 342 et
568 312 606 342 ad
632 323 738 343 verum
770 313 810 343 dc
834 312 972 343 adventu
996 323 1054 344 suo
1078 323 1236 344 rumorem

76 367 232 405 retulerit,
257 367 310 409 qui
334 367 472 398 subitum
496 367 621 398 Parthis
646 372 798 399 terrorem
822 368 937 409 injecit.
995 368 1069 400 Jam
1092 374 1236 400 nostrum

76 423 114 454 ad
137 423 241 454 locum
265 428 300 454 ut
323 424 507 461 redeamus,
541 424 567 453 si
591 424 676 463 legas
699 420 781 459 κενά,
817 434 929 455 sensus
953 429 1019 455 est:
1055 425 1147 456 Multi
1171 428 1240 456 sunt

76 479 147 510 vani
169 479 267 509 bellici
295 483 443 518 terrores,
479 480 558 520 quod
587 489 653 510 cum
681 482 795 510 veteres
811 481 962 519 peritique
991 482 1099 511 milites
1130 482 1237 520 sciant,

76 545 133 565 non
155 535 255 565 statim
278 537 394 574 timent,
431 537 486 566 secl
495 536 627 575 fortiter
647 536 761 575 proelio
791 546 822 566 se
846 537 1012 575 accinfflmt.
1071 536 1238 577 Ejusmodi

76 589 227 621 fortitudo
258 594 364 622 tamen
397 591 468 622 duci
500 591 681 622 satisfacere
703 602 766 621 non
799 602 895 631 posse
919 591 1059 630 videtur3
1096 593 1122 623 si
1154 591 1237 623 enim

77 646 156 677 forte
181 651 281 677 terror
305 657 368 677 non
393 646 494 677 inanis
521 647 562 677 sit
586 652 618 678 et
641 657 767 684 revera,
791 652 827 677 ut
851 658 1078 687 saepenumero
1102 647 1155 685 fit,
1178 647 1238 678 ho-

77 707 142 732 stes
173 712 211 733 ex
241 702 413 743 improviso
437 703 574 740 irruant,
611 702 724 733 animis
756 703 905 734 caderent
935 703 977 734 illi
1000 704 1061 744 ipsi
1087 703 1238 741 veterani,

77 757 271 798 experientia
295 759 435 790 inanium
467 764 623 789 terrorum
648 758 729 789 male
759 758 881 790 confisi.
939 759 1048 800 Itaque
1079 770 1150 790 cum
1175 759 1238 791 Ca-

78 814 210 844 merario
227 818 260 845 et
273 814 448 846 Cardwello
471 811 555 845 καινοί
567 815 669 855 legere
691 814 808 852 malim,
833 815 918 856 quod
942 814 1115 857 „quoniam
1130 816 1238 856 dispu-

78 874 124 900 tat
148 869 188 900 de
212 870 343 901 scientia
367 876 400 901 et
422 882 482 901 usu
506 870 550 901 rei
581 870 723 901 militaris
748 870 952 909 Aristoteles,
988 882 1051 902 non
1082 870 1241 912 discrepat

77 924 116 956 ab
146 936 184 956 eo
216 926 301 967 quod
330 927 532 967 propositum
557 931 616 957 est.
674 927 757 957 Nam
793 931 828 957 ut
857 926 1010 968 imperitis
1035 927 1134 957 multa
1156 937 1240 957 nova

77 981 222 1012 videntur
252 987 284 1012 et
314 982 509 1013 admirabilia
540 981 686 1013 omnibus
718 982 749 1013 in
782 982 875 1013 rebus
907 988 940 1013 et
973 983 1046 1014 ideo
1078 982 1240 1023 inopinata

79 1037 252 1068 offeruntur
287 1042 319 1068 et
353 1042 489 1076 terrent,
526 1037 571 1068 sic
602 1038 694 1078 periti
725 1042 757 1069 et
787 1038 950 1069 exercitati
980 1049 1045 1069 non
1077 1039 1180 1069 solum
1203 1049 1240 1070 ea

80 1103 159 1133 quae
183 1093 329 1124 accidunt
353 1097 522 1124 constante
547 1093 653 1123 animo
678 1098 710 1124 et
733 1099 843 1135 parato
868 1094 1046 1135 excipiunt,
1086 1095 1142 1126 sed
1165 1105 1240 1136 pro-

80 1148 218 1189 spiciunt
244 1149 338 1180 etiam
363 1153 532 1190 antequam
563 1148 752 1186 adveniant,
785 1160 849 1180 non
879 1150 975 1180 modo
1004 1154 1041 1181 ut
1070 1161 1137 1181 non
1168 1160 1240 1191 per-

79 1203 262 1241 turbentur,
298 1205 354 1235 sed
377 1208 413 1234 ut
436 1204 476 1234 ad
500 1203 721 1235 sustinendum
745 1205 840 1236 etiam
865 1206 996 1237 adversa
1019 1206 1125 1237 animo
1148 1206 1240 1237 firmo

79 1260 142 1290 sint
172 1265 266 1301 atque
298 1263 448 1302 magn0.“
504 1261 630 1301 Nempe
662 1260 751 1291 fortis
776 1261 812 1291 fit
841 1261 947 1300 miles,
984 1262 1037 1303 qui
1067 1262 1239 1300 hastarum,

79 1315 263 1357 sagittarum
293 1322 326 1347 et
355 1316 520 1347 fundarum
545 1316 635 1357 jactu
665 1317 860 1348 assuefactus
892 1322 951 1349 est.
1008 1319 1120 1350 Novus
1151 1318 1240 1349 miles

78 1382 336 1412 unumquemque
360 1371 545 1403 reformidat
562 1372 702 1412 jactum,
738 1378 771 1404 et
802 1373 841 1403 ab
871 1384 1064 1415 unoquoque
1092 1374 1176 1405 feriri
1207 1385 1241 1405 se

79 1432 112 1458 et
133 1427 268 1458 interfici
292 1431 393 1468 putat.
439 1428 614 1468 Postquam
638 1438 713 1459 vero
731 1428 924 1469 experientia
940 1430 1053 1461 doctus
1069 1430 1241 1471 perspexit,

80 1483 179 1513 multa
202 1483 264 1514 tela
293 1483 453 1514 incassum
473 1483 602 1524 jactari,
634 1484 796 1525 multaque
825 1485 884 1515 alia
906 1484 937 1515 in
962 1485 1064 1524 bello,
1094 1497 1173 1527 quae
1201 1486 1241 1516 ti-

81 1545 220 1578 muerat,
244 1541 416 1571 metuenda
439 1550 504 1570 non
530 1550 618 1578 esse,
649 1540 834 1571 insuescens
859 1541 1021 1581 periquis,
1051 1542 1101 1572 illa
1125 1542 1241 1579 omnia,

80 1607 164 1627 nova
187 1600 280 1626 antea
304 1600 337 1626 et
358 1596 524 1634 inusitata,
552 1596 620 1637 jam
643 1606 708 1626 non
739 1596 930 1627 reformidat.
993 1597 1107 1629 Utrum
1136 1603 1242 1629 tamen

81 1651 158 1683 haec
182 1651 307 1692 possint
330 1652 425 1682 etiam
448 1649 514 1682 κενοί
536 1652 659 1690 vocari,
685 1652 860 1693 quaeritur,
886 1664 957 1684 cum
981 1653 1076 1685 timor
1098 1665 1163 1685 non
1187 1666 1242 1686 va-

80 1719 139 1738 nus
171 1708 213 1738 sit
241 1708 387 1746 omnino,
423 1708 529 1739 multis
562 1708 633 1739 telis
664 1708 759 1739 etiam
790 1709 985 1740 ferientibus.
1047 1710 1110 1741 Sed
1148 1715 1243 1751 puto;

80 1774 154 1794 nam
183 1774 247 1794 non
272 1764 379 1794 omnia
407 1775 489 1795 vana
519 1775 589 1796 esse
619 1763 695 1795 dicit
717 1764 925 1802 Aristoteles,
957 1765 1013 1796 sed
1044 1762 1143 1797 πολλοὶ
1168 1763 1243 1797 κενά.

81 1819 174 1851 Hunc
197 1820 260 1851 sere
290 1820 321 1850 in
346 1821 476 1851 modum
500 1820 728 1861 interpretatur
757 1820 851 1851 etiam
876 1820 1071 1852 Felicianus:
1107 1822 1244 1860 „Primo

81 1875 165 1906 enim
186 1887 283 1907 vanas
308 1887 376 1915 res,
412 1887 492 1918 quae
516 1876 549 1907 in
569 1876 654 1907 bello
681 1881 866 1915 occurrunt,
904 1877 1024 1918 optime
1054 1878 1243 1919 intelligunt,

82 1942 162 1973 quae
201 1932 338 1970 scilicet,
375 1932 518 1974 quamvis
548 1932 772 1965 formidolosae
800 1933 915 1974 ignaris
951 1933 1134 1972 videantur,
1169 1934 1247 1965 nihil

82 1992 188 2019 tamen
213 1988 479 2029 pertractantibus
503 1989 802 2031 experientibusque
824 1989 954 2030 periculi
977 1990 1122 2028 afferunt,
1151 1995 1245 2031 atque

82 2043 197 2075 idcirco
221 2055 320 2076 vanae
345 2044 562 2086 appellantur3
597 2046 790 2077 extrinsecus
815 2045 899 2077 enim
922 2045 1093 2086 plurimum
1117 2046 1246 2077 terroris

83 2110 158 2140 prae
182 2111 215 2131 se
239 2100 361 2138 ferunt,
397 2101 482 2132 intus
512 2101 589 2132 nihil
618 2101 733 2134 habere
764 2102 1001 2134 inveniuntur.“
1058 2102 1246 2133 Lectionem

85 2153 168 2186 καινοί
191 2160 224 2187 et
239 2156 311 2188 ideo
327 2157 539 2198 praetulerim,
564 2158 645 2199 quia,
666 2159 826 2200 quomodo
838 2154 903 2189 κενοί
925 2158 956 2189 in
981 2155 1072 2196 καινά,
1096 2158 1182 2200 quod
1199 2163 1248 2190 est
