1439 2342
459 86 532 114 Libri
547 85 623 113 vm.
645 84 710 120 cap.
732 84 758 112 x
778 84 866 118 (ΧΠ).
1165 81 1241 120 271

37 196 62 233 ,“
82 190 134 233 τοὶς
157 190 288 232 συνόδους
321 193 514 226 Fritzschius
539 207 556 227 e
579 192 638 233 Kb,
669 194 698 226 L
720 217 727 224 .
796 192 860 225 Sed
894 196 927 224 et
960 190 1076 231 θυσίας,
1107 203 1244 234 quocum

83 262 101 282 a
116 249 256 289 ποιοῦντες
274 249 403 291 pendet,
421 249 489 282 sine
501 252 632 283 articulo
649 256 715 283 est:
734 246 839 287 ταύτας
855 259 930 280 vero
943 249 982 280 ad
998 247 1103 285 θυσίας
1115 250 1243 281 referas.

82 325 126 330 —
148 303 231 348 τιμοίς
255 306 302 346 τε)
329 306 490 337 Bekkerus
514 320 543 338 τε
571 308 686 339 omisit.
719 305 906 347 Respondet
928 302 1011 347 τιμάς
1034 305 1104 337 voci
1127 303 1243 343 θυσίας,

82 373 144 394 vox
178 358 349 400 ἀναπαύσεις
388 367 493 394 autem
521 363 675 395 vocabulo
717 359 858 400 συνόδους.
928 361 1060 393 Omisso
1090 374 1136 400 τε,
1168 363 1263 404 jun-³

81 418 219 460 gendum
250 423 336 449 esset
359 415 421 458 περὶ
446 416 551 457 ταύτας
574 416 716 457 συνόδους,
740 429 854 460 nempe
877 417 992 456 θυσίας.

172 473 271 506 ΟΑΡ.
296 473 336 505 X.
360 475 455 516 (Cap,
473 475 556 513 XII).
583 476 674 509 Quae
691 476 752 507 hoc
765 475 866 516 capite
884 480 994 506 auctor
1008 474 1117 506 ieviter
1133 474 1244 516 tangit,

83 541 121 562 ea
147 530 245 562 fusius
269 530 428 572 disputata
458 537 626 563 occurrunt
650 532 680 562 in
705 531 798 562 tertio
831 537 863 562 et
895 536 1006 572 quarto
1037 531 1243 563 Politicorum

82 586 180 625 libro,
203 597 282 628 quos
305 587 388 618 vide.

171 642 198 683 ξ.
223 644 253 675 2.
301 655 340 681 τις
364 640 406 684 εἴη
430 638 448 683 ἢ
471 640 695 683 βασιλεύς)8ἰο,
720 644 790 683 Par,
814 644 901 682 Vrat,
928 641 974 674 Kb
998 647 1030 674 et
1053 641 1098 674 Lb
1128 653 1244 674 secun-

84 699 159 730 dum
190 698 386 736 Bekkerum,
419 697 480 738 Mb,
506 700 592 730 Ven:
622 692 814 740 {omittunt
845 699 1064 730 U'ilkinsonus
1095 699 1163 731 sine
1186 711 1241 730 va-

82 756 194 786 rietate
211 755 352 786 codicum
370 766 509 793 suorum,
535 756 590 793 H³‚
615 754 672 793 N¹·‚
698 755 755 794 0¹³,
782 756 911 793 Coraes,
931 755 1132 793 Cmdwellus,
1157 755 1241 787 Bek-

83 811 196 849 kerus,
220 811 330 852 vulgo:
364 822 422 842 nec
447 822 510 841 non
536 810 605 849 *A,
631 812 667 849 Β,
693 811 737 849 C;
768 811 799 842 in
826 812 934 843 codice
958 812 984 842 Β
1011 813 1148 843 secunda
1173 823 1239 842 ma-

83 879 143 899 nus
167 881 206 906 τις
226 867 457 908 superscripsit.
508 867 588 899 Cum
619 874 651 899 et
681 868 873 899 Cardwellus
905 868 943 899 de
967 866 1013 899 Kb
1035 872 1067 899 et
1098 868 1240 899 Millerus

84 924 122 955 de
142 922 187 955 Lb
212 925 266 964 (A)
292 936 308 954 a
332 923 478 955 Bekkero
503 924 701 961 dissentiant,
734 924 817 955 hunc
841 924 917 965 sigla
945 924 1087 955 codicum
1112 935 1239 966 permu-

553 1006 558 1021 l

82 1036 158 1078 legit
180 1036 422 1077 paraphrastes,
447 1047 464 1066 a
496 1046 557 1077 quo
582 1035 608 1066 si
632 1028 650 1076 ἦ
671 1036 702 1066 in
727 1041 846 1067 textum
871 1036 1064 1077 irrepsisset,
1089 1041 1121 1068 et
1146 1037 1239 1068 vesti-

83 985 169 1012 tasse
189 985 278 1021 puto.
325 972 561 1025 Legentibusff'q'
585 980 795 1021 supplendum
815 985 864 1011 est
879 978 997 1021 μᾶλλεν,
1025 985 1057 1011 et
1080 980 1124 1011 sic
1148 981 1240 1021 plane

83 1092 168 1134 giurn
192 1092 278 1123 vocis
302 1092 410 1134 μᾶλλον
436 1092 466 1122 in
493 1091 654 1122 codicibus
679 1096 802 1122 exstare
827 1097 1006 1134 oporteret3
1030 1092 1133 1123 nullus
1157 1092 1239 1123 enim

82 1148 225 1179 librarius
251 1148 464 1179 obscuriorem
491 1153 522 1178 et
553 1147 782 1178 inusitatiorem
816 1148 984 1179 lectionem
1016 1159 1073 1188 pro
1104 1149 1185 1179 clara
1210 1153 1242 1180 et

82 1204 198 1246 liquida
221 1204 412 1245 recepisset,
446 1207 524 1241 „.et“
550 1205 595 1243 (ut
618 1209 703 1235 recte
728 1204 803 1235 dicit
823 1204 951 1243 Zellius)
976 1204 1101 1234 librario
1125 1204 1238 1245 „igno-

83 1266 169 1291 ratus
186 1271 262 1292 usus
281 1260 388 1291 omissi
404 1259 514 1301 μᾶλλον
530 1259 748 1290 committendi
764 1259 936 1301 periculum
955 1259 1064 1291 afferre
1080 1262 1240 1301 poterat.“

85 1316 172 1349 Citat
195 1317 340 1348 Muretus
366 1317 586 1347 Homericum:

320 1366 420 1405 &dhis
443 1366 486 1405 {pai
506 1366 567 1397 λαὲν
586 1366 642 1404 ζαὲν
662 1371 768 1405 ἔμμεναι,
786 1367 802 1401 ἦ
821 1368 973 1397 ἀπολέσθαι.

83 1419 220 1450 Desendi
245 1411 347 1449 mimis
372 1419 452 1450 bene
477 1424 584 1460 potest
615 1419 750 1460 vulgata,
776 1430 846 1450 cum
873 1419 1070 1456 Aristoteles,
1095 1419 1164 1450 Pol.
1188 1418 1240 1457 111,

87 1475 200 1508 14-15
227 1475 366 1515 (lO-ll,
396 1475 445 1506 ed.
475 1475 600 1513 Heins.)
630 1475 711 1506 inter
742 1480 876 1516 quatuor
905 1475 953 1506 vel
985 1475 1120 1516 quinque
1152 1475 1239 1516 regni

83 1531 204 1572 species
229 1543 324 1562 unam
341 1531 466 1573 quidem
492 1542 624 1572 eamque
640 1532 763 1562 tertiam
786 1531 904 1568 afferat,
929 1542 1021 1572 quarn
1041 1531 1238 1577 tyrannidem

84 1587 230 1628 suffragio
258 1588 393 1628 delatam
418 1584 569 1627 (αἱρετήν)
594 1592 686 1618 vocat
711 1588 759 1625 (et
782 1587 935 1628 ejusmodi
955 1598 1042 1627 reges
1068 1584 1239 1628 αἰσυμνήτας

84 1643 166 1684 apud
180 1643 320 1674 Graecos
332 1644 512 1674 nominatos
530 1643 625 1673 fuisse
641 1642 740 1683 dicit),
759 1643 814 1674 sed
831 1643 949 1673 nullum
965 1654 1070 1684 regem
1088 1648 1239 1684 agnoscat

84 1705 168 1730 sorte
182 1700 324 1738 ductum,
338 1700 396 1730 nisi
409 1700 485 1730 velis
499 1710 568 1730 cum
584 1699 686 1731 Corae
700 1699 739 1730 de
757 1699 896 1730 secundo
909 1710 1023 1730 novem
1041 1700 1238 1734 archontum,

84 1753 218 1794 βασιλεύς
242 1762 355 1787 vocato
378 1756 525 1796 cogitare.
551 1755 670 1786 Sensus
695 1766 770 1786 sane
794 1755 825 1785 in
851 1760 982 1796 utraque
1003 1755 1139 1787 lectione
1155 1756 1239 1786 idem

84 1817 150 1843 est:
175 1813 240 1844 Qui
263 1817 348 1843 sorte
373 1811 497 1842 ducitur
521 1811 720 1852 magistratus
743 1811 793 1841 vel
814 1821 878 1848 rex,
902 1822 965 1842 non
990 1817 1120 1852 propter
1141 1811 1239 1842 virtu-

83 1873 148 1899 tem
174 1873 206 1899 et
230 1868 446 1900 excellentiam
478 1873 532 1899 aut
554 1868 728 1914 hereditate
752 1867 792 1899 ad
815 1868 899 1899 hunc
923 1867 1084 1908 dignitatis
1107 1868 1238 1908 gradum

85 1925 239 1956 ascendit.

175 1978 205 2024 ξ.
230 1980 260 2012 3.
306 1978 443 2012 κάκιστον
467 1979 517 2018 δέ)
564 1979 730 2021 Vulgatam
758 1977 832 2020 γάρ,
864 1990 943 2022 quae
975 1991 1073 2022 usque
1101 1980 1139 2010 ad
1164 1980 1238 2011 Zel-

83 2036 158 2067 lium
184 2041 216 2066 et
241 2036 374 2068 Cot-aem
399 2037 507 2077 viguit,
531 2037 680 2077 perpauci
699 2041 828 2067 tuentur
844 2036 980 2074 codices,
1005 2047 1076 2067 cum
1091 2036 1142 2075 El,
1165 2036 1238 2074 NC,

84 2092 155 2131 Par,
181 2092 370 2123 Bekkeriani
393 2095 443 2131 (ut
465 2092 603 2131 videtur)
635 2092 770 2130 codices,
801 2097 833 2123 et
856 2093 925 2124 Ven
950 2093 1056 2134 legant
1080 2091 1120 2123 δέ.
1168 2093 1238 2124 Nec

84 2148 291 2190 „particulam
315 2148 473 2180 causalem
497 2148 654 2180 sententia
669 2148 833 2190 requirit“,
862 2154 899 2180 ut
923 2148 1087 2180 contendit
1109 2148 1238 2186 Zellius,
