<?xml version="1.0" encoding="UTF-8"?>
<!DOCTYPE html PUBLIC "-//W3C//DTD XHTML 1.0 Transitional//EN"
    "http://www.w3.org/TR/xhtml1/DTD/xhtml1-transitional.dtd">
<html xmlns="http://www.w3.org/1999/xhtml" xml:lang="en" lang="en">
 <head>
  <title>
</title>
<meta http-equiv="Content-Type" content="text/html;charset=utf-8" />
  <meta name='ocr-system' content='tesseract 3.04.00' />
  <meta name='ocr-capabilities' content='ocr_page ocr_carea ocr_par ocr_line ocrx_word'/>
</head>
<body>
  <div class='ocr_page' id='page_1' title='image "./ethicorumnicomac02arisuoft_0111.png"; bbox 0 0 1439 2342; ppageno 0'>
   <div class='ocr_carea' id='block_1_1' title="bbox 487 50 1244 86">
    <p class='ocr_par' dir='ltr' id='par_1_1' title="bbox 487 50 1244 86">
     <span class='ocr_line' id='line_1_1' title="bbox 487 50 1244 86; baseline -0.001 -7"><span class='ocrx_word' id='word_1_1' title='bbox 487 51 560 79; x_wconf 65' lang='lat' dir='ltr'>Libri</span> <span class='ocrx_word' id='word_1_2' title='bbox 580 51 600 78; x_wconf 86' lang='lat'>1.</span> <span class='ocrx_word' id='word_1_3' title='bbox 642 51 708 86; x_wconf 70' lang='lat' dir='ltr'>Cap.</span> <span class='ocrx_word' id='word_1_4' title='bbox 730 50 768 78; x_wconf 88' lang='lat' dir='ltr'>1x</span> <span class='ocrx_word' id='word_1_5' title='bbox 789 51 845 84; x_wconf 81' lang='lat' dir='ltr'>(x).</span> <span class='ocrx_word' id='word_1_6' title='bbox 1196 51 1244 86; x_wconf 85' lang='lat'>59</span> 
     </span>
    </p>
   </div>
   <div class='ocr_carea' id='block_1_2' title="bbox 41 159 1279 2164">
    <p class='ocr_par' dir='ltr' id='par_1_2' title="bbox 87 159 1250 816">
     <span class='ocr_line' id='line_1_2' title="bbox 87 159 1244 202; baseline -0.001 -9"><span class='ocrx_word' id='word_1_7' title='bbox 87 167 153 194; x_wconf 89' lang='lat' dir='ltr'>tem</span> <span class='ocrx_word' id='word_1_8' title='bbox 173 160 346 202; x_wconf 78' lang='lat' dir='ltr'>distinguat</span> <span class='ocrx_word' id='word_1_9' title='bbox 367 160 400 191; x_wconf 89' lang='lat' dir='ltr'>in</span> <span class='ocrx_word' id='word_1_10' title='bbox 421 159 589 198; x_wconf 79' lang='lat' dir='ltr'>felicitate3</span> <span class='ocrx_word' id='word_1_11' title='bbox 613 159 670 191; x_wconf 90' lang='lat' dir='ltr'>sed</span> <span class='ocrx_word' id='word_1_12' title='bbox 693 159 737 191; x_wconf 89' lang='lat' dir='ltr'>ita</span> <span class='ocrx_word' id='word_1_13' title='bbox 760 166 867 191; x_wconf 80' lang='lat' dir='ltr'>tamen</span> <span class='ocrx_word' id='word_1_14' title='bbox 890 164 927 191; x_wconf 92' lang='lat' dir='ltr'>ut</span> <span class='ocrx_word' id='word_1_15' title='bbox 949 159 1128 201; x_wconf 80' lang='lat' dir='ltr'>praevaleat</span> <span class='ocrx_word' id='word_1_16' title='bbox 1150 171 1244 192; x_wconf 86' lang='lat' dir='ltr'>causa</span> 
     </span>
     <span class='ocr_line' id='line_1_3' title="bbox 87 214 1245 258; baseline -0.002 -9"><span class='ocrx_word' id='word_1_17' title='bbox 87 219 228 256; x_wconf 84' lang='lat' dir='ltr'>interna,</span> <span class='ocrx_word' id='word_1_18' title='bbox 265 216 367 258; x_wconf 86' lang='lat' dir='ltr'>sitque</span> <span class='ocrx_word' id='word_1_19' title='bbox 397 214 577 257; x_wconf 82' lang='lat' dir='ltr'>praecipua.</span> <span class='ocrx_word' id='word_1_20' title='bbox 631 215 718 247; x_wconf 75' lang='lat' dir='ltr'>Quin</span> <span class='ocrx_word' id='word_1_21' title='bbox 744 215 840 247; x_wconf 87' lang='lat' dir='ltr'>etiam</span> <span class='ocrx_word' id='word_1_22' title='bbox 870 215 976 246; x_wconf 90' lang='lat' dir='ltr'>divina</span> <span class='ocrx_word' id='word_1_23' title='bbox 1006 220 1092 247; x_wconf 86' lang='lat' dir='ltr'>sorte</span> <span class='ocrx_word' id='word_1_24' title='bbox 1124 216 1245 248; x_wconf 88' lang='lat' dir='ltr'>homini</span> 
     </span>
     <span class='ocr_line' id='line_1_4' title="bbox 88 270 1245 312; baseline -0.001 -7"><span class='ocrx_word' id='word_1_25' title='bbox 88 273 201 305; x_wconf 82' lang='lat' dir='ltr'>adesse</span> <span class='ocrx_word' id='word_1_26' title='bbox 222 271 420 310; x_wconf 80' lang='lat' dir='ltr'><strong>felicitatem,</strong></span> <span class='ocrx_word' id='word_1_27' title='bbox 444 280 510 302; x_wconf 88' lang='lat' dir='ltr'>non</span> <span class='ocrx_word' id='word_1_28' title='bbox 532 281 662 312; x_wconf 89' lang='lat' dir='ltr'>prorsus</span> <span class='ocrx_word' id='word_1_29' title='bbox 681 271 806 310; x_wconf 81' lang='lat' dir='ltr'>abnuit3</span> <span class='ocrx_word' id='word_1_30' title='bbox 837 271 894 302; x_wconf 87' lang='lat' dir='ltr'>sed</span> <span class='ocrx_word' id='word_1_31' title='bbox 916 270 1000 302; x_wconf 88' lang='lat' dir='ltr'>illam</span> <span class='ocrx_word' id='word_1_32' title='bbox 1023 273 1245 304; x_wconf 85' lang='lat' dir='ltr'>tantummodo</span> 
     </span>
     <span class='ocr_line' id='line_1_5' title="bbox 88 326 1247 368; baseline 0.003 -12"><span class='ocrx_word' id='word_1_33' title='bbox 88 336 250 358; x_wconf 87' lang='lat' dir='ltr'>removere</span> <span class='ocrx_word' id='word_1_34' title='bbox 273 326 381 358; x_wconf 84' lang='lat' dir='ltr'>studet</span> <span class='ocrx_word' id='word_1_35' title='bbox 404 326 598 367; x_wconf 85' lang='lat' dir='ltr'>opinionem,</span> <span class='ocrx_word' id='word_1_36' title='bbox 627 337 688 368; x_wconf 87' lang='lat' dir='ltr'>qua</span> <span class='ocrx_word' id='word_1_37' title='bbox 711 327 801 358; x_wconf 92' lang='lat' dir='ltr'>Deus</span> <span class='ocrx_word' id='word_1_38' title='bbox 826 338 918 368; x_wconf 85' lang='lat' dir='ltr'>agere</span> <span class='ocrx_word' id='word_1_39' title='bbox 941 332 977 358; x_wconf 89' lang='lat' dir='ltr'>ut</span> <span class='ocrx_word' id='word_1_40' title='bbox 999 339 1095 359; x_wconf 85' lang='lat' dir='ltr'>causa</span> <span class='ocrx_word' id='word_1_41' title='bbox 1117 333 1247 360; x_wconf 84' lang='lat' dir='ltr'>externa</span> 
     </span>
     <span class='ocr_line' id='line_1_6' title="bbox 87 381 1246 425; baseline 0.003 -13"><span class='ocrx_word' id='word_1_42' title='bbox 87 385 226 422; x_wconf 85' lang='lat' dir='ltr'>putatur.</span> <span class='ocrx_word' id='word_1_43' title='bbox 274 382 358 414; x_wconf 92' lang='lat' dir='ltr'>Cum</span> <span class='ocrx_word' id='word_1_44' title='bbox 382 381 466 413; x_wconf 90' lang='lat' dir='ltr'>enim</span> <span class='ocrx_word' id='word_1_45' title='bbox 489 382 552 413; x_wconf 89' lang='lat' dir='ltr'>Dei</span> <span class='ocrx_word' id='word_1_46' title='bbox 577 381 715 413; x_wconf 75' lang='lat' dir='ltr'>essentia</span> <span class='ocrx_word' id='word_1_47' title='bbox 737 382 769 413; x_wconf 90' lang='lat' dir='ltr'>in</span> <span class='ocrx_word' id='word_1_48' title='bbox 793 382 958 414; x_wconf 89' lang='lat' dir='ltr'>hominum</span> <span class='ocrx_word' id='word_1_49' title='bbox 985 388 1097 414; x_wconf 83' lang='lat' dir='ltr'>natura</span> <span class='ocrx_word' id='word_1_50' title='bbox 1120 384 1246 425; x_wconf 90' lang='lat' dir='ltr'>penitus</span> 
     </span>
     <span class='ocr_line' id='line_1_7' title="bbox 87 436 1248 480; baseline 0.003 -12"><span class='ocrx_word' id='word_1_51' title='bbox 87 436 259 476; x_wconf 79' lang='lat' dir='ltr'>inhabitet,</span> <span class='ocrx_word' id='word_1_52' title='bbox 290 437 411 479; x_wconf 88' lang='lat' dir='ltr'>optima</span> <span class='ocrx_word' id='word_1_53' title='bbox 441 448 584 479; x_wconf 81' lang='lat' dir='ltr'>quaeque</span> <span class='ocrx_word' id='word_1_54' title='bbox 613 437 750 469; x_wconf 82' lang='lat' dir='ltr'>humana</span> <span class='ocrx_word' id='word_1_55' title='bbox 778 438 903 470; x_wconf 88' lang='lat' dir='ltr'>divinae</span> <span class='ocrx_word' id='word_1_56' title='bbox 934 444 1009 470; x_wconf 88' lang='lat' dir='ltr'>sunt</span> <span class='ocrx_word' id='word_1_57' title='bbox 1039 439 1183 480; x_wconf 83' lang='lat' dir='ltr'>originis3</span> <span class='ocrx_word' id='word_1_58' title='bbox 1215 445 1248 472; x_wconf 88' lang='lat' dir='ltr'>et</span> 
     </span>
     <span class='ocr_line' id='line_1_8' title="bbox 88 492 1247 537; baseline 0.003 -13"><span class='ocrx_word' id='word_1_59' title='bbox 88 492 150 524; x_wconf 92' lang='lat' dir='ltr'>hoc</span> <span class='ocrx_word' id='word_1_60' title='bbox 171 504 268 525; x_wconf 91' lang='lat' dir='ltr'>sensu</span> <span class='ocrx_word' id='word_1_61' title='bbox 292 505 368 525; x_wconf 89' lang='lat' dir='ltr'>sane</span> <span class='ocrx_word' id='word_1_62' title='bbox 392 493 523 525; x_wconf 83' lang='lat' dir='ltr'>felicitas</span> <span class='ocrx_word' id='word_1_63' title='bbox 548 505 565 524; x_wconf 85' lang='lat' dir='ltr'>a</span> <span class='ocrx_word' id='word_1_64' title='bbox 589 493 661 525; x_wconf 93' lang='lat' dir='ltr'>Deo</span> <span class='ocrx_word' id='word_1_65' title='bbox 685 493 866 525; x_wconf 83' lang='lat' dir='ltr'>hominibus</span> <span class='ocrx_word' id='word_1_66' title='bbox 897 494 1081 535; x_wconf 89' lang='lat' dir='ltr'>ingenerata</span> <span class='ocrx_word' id='word_1_67' title='bbox 1104 495 1165 527; x_wconf 89' lang='lat' dir='ltr'>dici</span> <span class='ocrx_word' id='word_1_68' title='bbox 1188 507 1247 537; x_wconf 93' lang='lat' dir='ltr'>po-</span> 
     </span>
     <span class='ocr_line' id='line_1_9' title="bbox 89 549 1246 593; baseline 0.003 -13"><span class='ocrx_word' id='word_1_69' title='bbox 89 553 170 587; x_wconf 83' lang='lat' dir='ltr'>test,</span> <span class='ocrx_word' id='word_1_70' title='bbox 199 550 256 581; x_wconf 89' lang='lat' dir='ltr'>sed</span> <span class='ocrx_word' id='word_1_71' title='bbox 278 561 342 581; x_wconf 88' lang='lat' dir='ltr'>non</span> <span class='ocrx_word' id='word_1_72' title='bbox 368 549 435 581; x_wconf 86' lang='lat' dir='ltr'>sinc</span> <span class='ocrx_word' id='word_1_73' title='bbox 460 549 596 581; x_wconf 88' lang='lat' dir='ltr'>hominis</span> <span class='ocrx_word' id='word_1_74' title='bbox 620 549 716 581; x_wconf 88' lang='lat' dir='ltr'>etiam</span> <span class='ocrx_word' id='word_1_75' title='bbox 740 550 935 591; x_wconf 84' lang='lat' dir='ltr'>operatione.</span> <span class='ocrx_word' id='word_1_76' title='bbox 957 571 1000 576; x_wconf 91' lang='lat'><strong>—</strong></span> <span class='ocrx_word' id='word_1_77' title='bbox 1030 549 1111 583; x_wconf 64' lang='lat' dir='ltr'>&amp;slav</span> <span class='ocrx_word' id='word_1_78' title='bbox 1135 553 1246 593; x_wconf 79' lang='grc' dir='ltr'>μοῖραν)</span> 
     </span>
     <span class='ocr_line' id='line_1_10' title="bbox 89 604 1247 649; baseline 0.003 -13"><span class='ocrx_word' id='word_1_79' title='bbox 89 604 216 646; x_wconf 88' lang='lat' dir='ltr'>Pugnat</span> <span class='ocrx_word' id='word_1_80' title='bbox 239 606 389 637; x_wconf 80' lang='lat' dir='ltr'>adversus</span> <span class='ocrx_word' id='word_1_81' title='bbox 412 606 590 644; x_wconf 83' lang='lat' dir='ltr'>Platonem,</span> <span class='ocrx_word' id='word_1_82' title='bbox 616 605 668 647; x_wconf 90' lang='lat' dir='ltr'>qui</span> <span class='ocrx_word' id='word_1_83' title='bbox 691 605 723 637; x_wconf 92' lang='lat' dir='ltr'>in</span> <span class='ocrx_word' id='word_1_84' title='bbox 740 606 892 643; x_wconf 87' lang='lat' dir='ltr'>Menone,</span> <span class='ocrx_word' id='word_1_85' title='bbox 917 617 947 648; x_wconf 92' lang='lat' dir='ltr'>p.</span> <span class='ocrx_word' id='word_1_86' title='bbox 962 606 1016 638; x_wconf 84' lang='lat'>93.</span> <span class='ocrx_word' id='word_1_87' title='bbox 1041 619 1110 649; x_wconf 89' lang='lat' dir='ltr'>sqq.</span> <span class='ocrx_word' id='word_1_88' title='bbox 1135 608 1247 649; x_wconf 83' lang='lat' dir='ltr'>steph.</span> 
     </span>
     <span class='ocr_line' id='line_1_11' title="bbox 90 661 1247 703; baseline 0.003 -10"><span class='ocrx_word' id='word_1_89' title='bbox 90 663 137 702; x_wconf 86' lang='lat' dir='ltr'>(p.</span> <span class='ocrx_word' id='word_1_90' title='bbox 159 661 234 694; x_wconf 72' lang='lat'>374.</span> <span class='ocrx_word' id='word_1_91' title='bbox 260 662 309 694; x_wconf 89' lang='lat' dir='ltr'>ed.</span> <span class='ocrx_word' id='word_1_92' title='bbox 334 661 436 693; x_wconf 86' lang='lat' dir='ltr'>Bekk.</span> <span class='ocrx_word' id='word_1_93' title='bbox 460 673 560 703; x_wconf 89' lang='lat' dir='ltr'>usque</span> <span class='ocrx_word' id='word_1_94' title='bbox 592 662 632 693; x_wconf 84' lang='lat' dir='ltr'>ad</span> <span class='ocrx_word' id='word_1_95' title='bbox 659 662 791 703; x_wconf 86' lang='lat' dir='ltr'>finem),</span> <span class='ocrx_word' id='word_1_96' title='bbox 822 663 935 694; x_wconf 90' lang='lat' dir='ltr'>ceteris</span> <span class='ocrx_word' id='word_1_97' title='bbox 966 663 1114 694; x_wconf 89' lang='lat' dir='ltr'>omnibus</span> <span class='ocrx_word' id='word_1_98' title='bbox 1144 665 1247 696; x_wconf 89' lang='lat' dir='ltr'>causis</span> 
     </span>
     <span class='ocr_line' id='line_1_12' title="bbox 89 718 1250 760; baseline 0.003 -12"><span class='ocrx_word' id='word_1_99' title='bbox 89 718 214 758; x_wconf 88' lang='lat' dir='ltr'>rejectis</span> <span class='ocrx_word' id='word_1_100' title='bbox 231 718 368 749; x_wconf 81' lang='lat' dir='ltr'>divinam</span> <span class='ocrx_word' id='word_1_101' title='bbox 391 723 510 749; x_wconf 87' lang='lat' dir='ltr'>sortem</span> <span class='ocrx_word' id='word_1_102' title='bbox 535 718 635 748; x_wconf 87' lang='lat' dir='ltr'>solam</span> <span class='ocrx_word' id='word_1_103' title='bbox 657 718 806 760; x_wconf 89' lang='lat' dir='ltr'>relinquit</span> <span class='ocrx_word' id='word_1_104' title='bbox 829 730 967 756; x_wconf 81' lang='lat' dir='ltr'>causam,</span> <span class='ocrx_word' id='word_1_105' title='bbox 992 724 1025 750; x_wconf 92' lang='lat' dir='ltr'>et</span> <span class='ocrx_word' id='word_1_106' title='bbox 1046 719 1129 751; x_wconf 92' lang='lat' dir='ltr'>inter</span> <span class='ocrx_word' id='word_1_107' title='bbox 1145 724 1250 752; x_wconf 87' lang='lat' dir='ltr'>cetera</span> 
     </span>
     <span class='ocr_line' id='line_1_13' title="bbox 90 773 1249 816; baseline 0.003 -12"><span class='ocrx_word' id='word_1_108' title='bbox 90 773 182 815; x_wconf 88' lang='lat' dir='ltr'>hujus</span> <span class='ocrx_word' id='word_1_109' title='bbox 205 773 251 805; x_wconf 86' lang='lat' dir='ltr'>rei</span> <span class='ocrx_word' id='word_1_110' title='bbox 273 774 335 805; x_wconf 89' lang='lat' dir='ltr'>hoc</span> <span class='ocrx_word' id='word_1_111' title='bbox 358 773 449 805; x_wconf 86' lang='lat' dir='ltr'>affert</span> <span class='ocrx_word' id='word_1_112' title='bbox 471 778 708 815; x_wconf 85' lang='lat' dir='ltr'>argumentum,</span> <span class='ocrx_word' id='word_1_113' title='bbox 739 775 824 816; x_wconf 92' lang='lat' dir='ltr'>quod</span> <span class='ocrx_word' id='word_1_114' title='bbox 848 786 908 806; x_wconf 90' lang='lat' dir='ltr'>nec</span> <span class='ocrx_word' id='word_1_115' title='bbox 931 775 1164 807; x_wconf 86' lang='lat' dir='ltr'>Themistocles</span> <span class='ocrx_word' id='word_1_116' title='bbox 1190 787 1249 807; x_wconf 88' lang='lat' dir='ltr'>nec</span> 
     </span>
    </p>

    <p class='ocr_par' dir='ltr' id='par_1_3' title="bbox 41 829 1252 1208">
     <span class='ocr_line' id='line_1_14' title="bbox 89 829 1249 872; baseline 0.002 -12"><span class='ocrx_word' id='word_1_117' title='bbox 89 829 244 868; x_wconf 89' lang='lat' dir='ltr'>Pericles,</span> <span class='ocrx_word' id='word_1_118' title='bbox 269 840 370 872; x_wconf 87' lang='lat' dir='ltr'>neque</span> <span class='ocrx_word' id='word_1_119' title='bbox 394 829 504 871; x_wconf 83' lang='lat' dir='ltr'>reliqui</span> <span class='ocrx_word' id='word_1_120' title='bbox 526 829 584 860; x_wconf 79' lang='lat' dir='ltr'>viri</span> <span class='ocrx_word' id='word_1_121' title='bbox 607 829 728 870; x_wconf 87' lang='lat' dir='ltr'>politici</span> <span class='ocrx_word' id='word_1_122' title='bbox 751 841 840 861; x_wconf 87' lang='lat' dir='ltr'>suam</span> <span class='ocrx_word' id='word_1_123' title='bbox 862 830 1011 861; x_wconf 88' lang='lat' dir='ltr'>virtutem</span> <span class='ocrx_word' id='word_1_124' title='bbox 1033 831 1111 862; x_wconf 86' lang='lat' dir='ltr'>alios</span> <span class='ocrx_word' id='word_1_125' title='bbox 1134 836 1249 872; x_wconf 87' lang='lat' dir='ltr'>potue-</span> 
     </span>
     <span class='ocr_line' id='line_1_15' title="bbox 41 875 1249 928; baseline 0.002 -12"><span class='ocrx_word' id='word_1_126' title='bbox 41 875 46 879; x_wconf 59' lang='grc'><strong>’</strong></span> <span class='ocrx_word' id='word_1_127' title='bbox 89 885 153 916; x_wconf 86' lang='lat' dir='ltr'>rint</span> <span class='ocrx_word' id='word_1_128' title='bbox 179 885 292 917; x_wconf 86' lang='lat' dir='ltr'>docere</span> <span class='ocrx_word' id='word_1_129' title='bbox 324 886 447 926; x_wconf 85' lang='lat' dir='ltr'>(eadem</span> <span class='ocrx_word' id='word_1_130' title='bbox 474 886 506 917; x_wconf 91' lang='lat' dir='ltr'>in</span> <span class='ocrx_word' id='word_1_131' title='bbox 529 887 704 928; x_wconf 83' lang='lat' dir='ltr'>Protagora</span> <span class='ocrx_word' id='word_1_132' title='bbox 732 886 960 927; x_wconf 76' lang='lat' dir='ltr'>disputantur3&#39;</span> <span class='ocrx_word' id='word_1_133' title='bbox 978 887 1016 918; x_wconf 87' lang='lat' dir='ltr'>cf.</span> <span class='ocrx_word' id='word_1_134' title='bbox 1040 887 1164 928; x_wconf 89' lang='lat' dir='ltr'>Hegelii</span> <span class='ocrx_word' id='word_1_135' title='bbox 1189 889 1249 919; x_wconf 82' lang='lat' dir='ltr'>Ge-</span> 
     </span>
     <span class='ocr_line' id='line_1_16' title="bbox 90 942 1248 984; baseline 0.003 -12"><span class='ocrx_word' id='word_1_136' title='bbox 90 943 220 973; x_wconf 78' lang='lat' dir='ltr'>schiclzte</span> <span class='ocrx_word' id='word_1_137' title='bbox 243 943 297 973; x_wconf 70' lang='lat' dir='ltr'>aler</span> <span class='ocrx_word' id='word_1_138' title='bbox 319 943 396 973; x_wconf 70' lang='lat' dir='ltr'>Phil.</span> <span class='ocrx_word' id='word_1_139' title='bbox 421 943 459 973; x_wconf 90' lang='lat' dir='ltr'>&#39;l.</span> <span class='ocrx_word' id='word_1_140' title='bbox 484 942 520 980; x_wconf 90' lang='grc' dir='ltr'>ΙΙ,</span> <span class='ocrx_word' id='word_1_141' title='bbox 544 953 576 983; x_wconf 92' lang='lat' dir='ltr'>p.</span> <span class='ocrx_word' id='word_1_142' title='bbox 604 943 643 975; x_wconf 84' lang='lat'>15</span> <span class='ocrx_word' id='word_1_143' title='bbox 669 948 701 974; x_wconf 89' lang='lat' dir='ltr'>et</span> <span class='ocrx_word' id='word_1_144' title='bbox 728 942 936 984; x_wconf 77' lang='lat' dir='ltr'>16).1taque</span> <span class='ocrx_word' id='word_1_145' title='bbox 961 943 1122 974; x_wconf 85' lang='lat' dir='ltr'>concludit</span> <span class='ocrx_word' id='word_1_146' title='bbox 1137 944 1248 976; x_wconf 88' lang='lat' dir='ltr'>Plato:</span> 
     </span>
     <span class='ocr_line' id='line_1_17' title="bbox 91 993 1250 1040; baseline 0 -12"><span class='ocrx_word' id='word_1_147' title='bbox 91 993 179 1038; x_wconf 79' lang='grc' dir='ltr'>οἶρετη</span> <span class='ocrx_word' id='word_1_148' title='bbox 203 993 233 1028; x_wconf 77' lang='grc' dir='ltr'>ἀν</span> <span class='ocrx_word' id='word_1_149' title='bbox 258 996 299 1039; x_wconf 78' lang='grc' dir='ltr'>εἰη</span> <span class='ocrx_word' id='word_1_150' title='bbox 324 1011 374 1028; x_wconf 77' lang='grc' dir='ltr'>ου.</span> <span class='ocrx_word' id='word_1_151' title='bbox 375 1002 477 1037; x_wconf 67' lang='grc' dir='ltr'>εῲυσ-</span> <span class='ocrx_word' id='word_1_152' title='bbox 468 1012 490 1029; x_wconf 66' lang='grc' dir='ltr'>Ει</span> <span class='ocrx_word' id='word_1_153' title='bbox 514 1011 576 1029; x_wconf 68' lang='grc' dir='ltr'>(νο-ε</span> <span class='ocrx_word' id='word_1_154' title='bbox 601 995 744 1036; x_wconf 71' lang='grc' dir='ltr'>ὸιόοικτόν,</span> <span class='ocrx_word' id='word_1_155' title='bbox 769 995 847 1030; x_wconf 57' lang='grc' dir='ltr'>οὔάεὶ</span> <span class='ocrx_word' id='word_1_156' title='bbox 872 1002 907 1030; x_wconf 62' lang='lat' dir='ltr'>&amp;s</span> <span class='ocrx_word' id='word_1_157' title='bbox 898 997 939 1029; x_wconf 66' lang='grc' dir='ltr'>εἰσ.</span> <span class='ocrx_word' id='word_1_158' title='bbox 963 997 1049 1040; x_wconf 73' lang='grc' dir='ltr'>μοι’ρα</span> <span class='ocrx_word' id='word_1_159' title='bbox 1075 1012 1250 1040; x_wconf 76' lang='grc' dir='ltr'>παραγιγνο-</span> 
     </span>
     <span class='ocr_line' id='line_1_18' title="bbox 91 1045 1252 1097; baseline 0.003 -13"><span class='ocrx_word' id='word_1_160' title='bbox 91 1052 157 1096; x_wconf 75' lang='grc' dir='ltr'>μένη</span> <span class='ocrx_word' id='word_1_161' title='bbox 188 1045 250 1085; x_wconf 71' lang='grc' dir='ltr'>ἱῖιευ</span> <span class='ocrx_word' id='word_1_162' title='bbox 280 1053 342 1091; x_wconf 71' lang='grc' dir='ltr'>νοῦ,</span> <span class='ocrx_word' id='word_1_163' title='bbox 378 1051 416 1092; x_wconf 79' lang='grc' dir='ltr'>οἱς</span> <span class='ocrx_word' id='word_1_164' title='bbox 446 1049 478 1085; x_wconf 70' lang='grc' dir='ltr'>ἂν</span> <span class='ocrx_word' id='word_1_165' title='bbox 513 1067 571 1094; x_wconf 69' lang='grc' dir='ltr'>παρ</span> <span class='ocrx_word' id='word_1_166' title='bbox 558 1053 732 1096; x_wconf 72' lang='grc' dir='ltr'>.οιγίγνη.-αι.</span> <span class='ocrx_word' id='word_1_167' title='bbox 785 1055 859 1086; x_wconf 92' lang='lat' dir='ltr'>Non</span> <span class='ocrx_word' id='word_1_168' title='bbox 891 1059 998 1085; x_wconf 83' lang='lat' dir='ltr'>tamen</span> <span class='ocrx_word' id='word_1_169' title='bbox 1028 1066 1095 1086; x_wconf 90' lang='lat' dir='ltr'>rem</span> <span class='ocrx_word' id='word_1_170' title='bbox 1129 1056 1252 1097; x_wconf 86' lang='lat' dir='ltr'>respuit</span> 
     </span>
     <span class='ocr_line' id='line_1_19' title="bbox 93 1110 1250 1152; baseline 0.002 -11"><span class='ocrx_word' id='word_1_171' title='bbox 93 1110 298 1149; x_wconf 88' lang='lat' dir='ltr'>Aristoteles,</span> <span class='ocrx_word' id='word_1_172' title='bbox 329 1110 386 1141; x_wconf 89' lang='lat' dir='ltr'>sed</span> <span class='ocrx_word' id='word_1_173' title='bbox 410 1110 572 1151; x_wconf 82' lang='lat' dir='ltr'>mythum,</span> <span class='ocrx_word' id='word_1_174' title='bbox 603 1122 697 1152; x_wconf 86' lang='lat' dir='ltr'>quem</span> <span class='ocrx_word' id='word_1_175' title='bbox 720 1110 753 1141; x_wconf 92' lang='lat' dir='ltr'>in</span> <span class='ocrx_word' id='word_1_176' title='bbox 776 1111 922 1142; x_wconf 87' lang='lat' dir='ltr'>Phaedro</span> <span class='ocrx_word' id='word_1_177' title='bbox 946 1122 1072 1152; x_wconf 90' lang='lat' dir='ltr'>quoque</span> <span class='ocrx_word' id='word_1_178' title='bbox 1095 1111 1250 1150; x_wconf 84' lang='lat' dir='ltr'>videmus,</span> 
     </span>
     <span class='ocr_line' id='line_1_20' title="bbox 92 1165 1004 1208; baseline 0 -11"><span class='ocrx_word' id='word_1_179' title='bbox 92 1177 163 1198; x_wconf 89' lang='lat' dir='ltr'>cum</span> <span class='ocrx_word' id='word_1_180' title='bbox 187 1167 227 1198; x_wconf 90' lang='lat' dir='ltr'>de</span> <span class='ocrx_word' id='word_1_181' title='bbox 251 1166 356 1198; x_wconf 81' lang='lat' dir='ltr'>divino</span> <span class='ocrx_word' id='word_1_182' title='bbox 379 1166 483 1198; x_wconf 87' lang='lat' dir='ltr'>furore</span> <span class='ocrx_word' id='word_1_183' title='bbox 509 1165 591 1208; x_wconf 53' lang='grc' dir='ltr'>(θείᾳ</span> <span class='ocrx_word' id='word_1_184' title='bbox 615 1166 714 1208; x_wconf 62' lang='grc' dir='ltr'>μανίᾳ)</span> <span class='ocrx_word' id='word_1_185' title='bbox 739 1167 831 1198; x_wconf 85' lang='lat' dir='ltr'>Plato</span> <span class='ocrx_word' id='word_1_186' title='bbox 855 1166 1004 1208; x_wconf 84' lang='lat' dir='ltr'>loquitur.</span> 
     </span>
    </p>

    <p class='ocr_par' dir='ltr' id='par_1_4' title="bbox 92 1215 1251 1376">
     <span class='ocr_line' id='line_1_21' title="bbox 180 1215 1250 1267; baseline 0.002 -14"><span class='ocrx_word' id='word_1_187' title='bbox 180 1223 208 1263; x_wconf 63' lang='grc' dir='ltr'>ξ.</span> <span class='ocrx_word' id='word_1_188' title='bbox 235 1222 265 1254; x_wconf 91' lang='grc'>3.</span> <span class='ocrx_word' id='word_1_189' title='bbox 313 1215 400 1264; x_wconf 59' lang='grc' dir='ltr'>ἄλλης</span> <span class='ocrx_word' id='word_1_190' title='bbox 430 1217 462 1253; x_wconf 64' lang='grc' dir='ltr'>ἂν</span> <span class='ocrx_word' id='word_1_191' title='bbox 485 1220 527 1264; x_wconf 72' lang='grc' dir='ltr'>εἴη</span> <span class='ocrx_word' id='word_1_192' title='bbox 558 1221 702 1263; x_wconf 69' lang='grc' dir='ltr'>σκέψεως)</span> <span class='ocrx_word' id='word_1_193' title='bbox 736 1223 843 1267; x_wconf 80' lang='lat' dir='ltr'>Schol.</span> <span class='ocrx_word' id='word_1_194' title='bbox 868 1223 967 1254; x_wconf 80' lang='lat' dir='ltr'>Paris.</span> <span class='ocrx_word' id='word_1_195' title='bbox 999 1234 1016 1254; x_wconf 86' lang='lat' dir='ltr'>e</span> <span class='ocrx_word' id='word_1_196' title='bbox 1039 1223 1250 1264; x_wconf 80' lang='lat' dir='ltr'>Paraphraste</span> 
     </span>
     <span class='ocr_line' id='line_1_22' title="bbox 92 1276 1251 1320; baseline 0.002 -10"><span class='ocrx_word' id='word_1_197' title='bbox 92 1282 125 1310; x_wconf 90' lang='lat' dir='ltr'>et</span> <span class='ocrx_word' id='word_1_198' title='bbox 152 1278 334 1310; x_wconf 86' lang='lat' dir='ltr'>Eustratio:</span> <span class='ocrx_word' id='word_1_199' title='bbox 370 1277 539 1319; x_wconf 63' lang='grc' dir='ltr'>ἓεολογικῆς</span> <span class='ocrx_word' id='word_1_200' title='bbox 565 1276 614 1309; x_wconf 72' lang='grc' dir='ltr'>καὶ</span> <span class='ocrx_word' id='word_1_201' title='bbox 643 1278 692 1320; x_wconf 64' lang='grc' dir='ltr'>τῆς</span> <span class='ocrx_word' id='word_1_202' title='bbox 721 1276 784 1319; x_wconf 78' lang='grc' dir='ltr'>περὶ</span> <span class='ocrx_word' id='word_1_203' title='bbox 815 1277 963 1319; x_wconf 70' lang='grc' dir='ltr'>προνοίας,</span> <span class='ocrx_word' id='word_1_204' title='bbox 999 1290 1116 1320; x_wconf 87' lang='lat' dir='ltr'>nempe</span> <span class='ocrx_word' id='word_1_205' title='bbox 1146 1280 1251 1312; x_wconf 87' lang='lat' dir='ltr'>Meta-</span> 
     </span>
     <span class='ocr_line' id='line_1_23' title="bbox 92 1333 656 1376; baseline 0.002 -11"><span class='ocrx_word' id='word_1_206' title='bbox 92 1334 297 1376; x_wconf 88' lang='lat' dir='ltr'>physicorum</span> <span class='ocrx_word' id='word_1_207' title='bbox 318 1333 414 1374; x_wconf 84' lang='lat' dir='ltr'>(libro</span> <span class='ocrx_word' id='word_1_208' title='bbox 439 1334 656 1374; x_wconf 86' lang='lat' dir='ltr'>duodecimo).</span> 
     </span>
    </p>

    <p class='ocr_par' dir='ltr' id='par_1_5' title="bbox 92 1385 1254 1658">
     <span class='ocr_line' id='line_1_24' title="bbox 182 1385 1253 1432; baseline 0.002 -10"><span class='ocrx_word' id='word_1_209' title='bbox 182 1391 210 1432; x_wconf 57' lang='grc' dir='ltr'>ᾧ.</span> <span class='ocrx_word' id='word_1_210' title='bbox 241 1390 272 1422; x_wconf 71' lang='lat' dir='ltr'>—L</span> <span class='ocrx_word' id='word_1_211' title='bbox 323 1388 366 1432; x_wconf 85' lang='grc' dir='ltr'>εἴη</span> <span class='ocrx_word' id='word_1_212' title='bbox 397 1387 422 1422; x_wconf 82' lang='lat'>6&#39;</span> <span class='ocrx_word' id='word_1_213' title='bbox 451 1385 484 1422; x_wconf 74' lang='grc' dir='ltr'>ἂν</span> <span class='ocrx_word' id='word_1_214' title='bbox 516 1388 565 1422; x_wconf 78' lang='grc' dir='ltr'>καὶ</span> <span class='ocrx_word' id='word_1_215' title='bbox 597 1387 769 1430; x_wconf 81' lang='grc' dir='ltr'>πολύκοινον)</span> <span class='ocrx_word' id='word_1_216' title='bbox 806 1391 932 1431; x_wconf 87' lang='lat' dir='ltr'>Nempe</span> <span class='ocrx_word' id='word_1_217' title='bbox 967 1391 993 1421; x_wconf 90' lang='lat' dir='ltr'>si</span> <span class='ocrx_word' id='word_1_218' title='bbox 1028 1391 1253 1424; x_wconf 86' lang='lat' dir='ltr'>exercitatione</span> 
     </span>
     <span class='ocr_line' id='line_1_25' title="bbox 92 1446 1254 1490; baseline 0.002 -12"><span class='ocrx_word' id='word_1_219' title='bbox 92 1446 192 1478; x_wconf 83' lang='lat' dir='ltr'>virtus</span> <span class='ocrx_word' id='word_1_220' title='bbox 208 1452 418 1488; x_wconf 87' lang='lat' dir='ltr'>comparatur.</span> <span class='ocrx_word' id='word_1_221' title='bbox 457 1446 531 1478; x_wconf 89' lang='lat' dir='ltr'>Jam</span> <span class='ocrx_word' id='word_1_222' title='bbox 555 1452 661 1479; x_wconf 87' lang='lat' dir='ltr'>autem</span> <span class='ocrx_word' id='word_1_223' title='bbox 678 1447 858 1478; x_wconf 85' lang='lat' dir='ltr'>concludit:</span> <span class='ocrx_word' id='word_1_224' title='bbox 885 1447 966 1478; x_wconf 91' lang='lat' dir='ltr'>Cum</span> <span class='ocrx_word' id='word_1_225' title='bbox 987 1459 1004 1478; x_wconf 87' lang='lat' dir='ltr'>a</span> <span class='ocrx_word' id='word_1_226' title='bbox 1023 1448 1131 1479; x_wconf 76' lang='lat' dir='ltr'>multis</span> <span class='ocrx_word' id='word_1_227' title='bbox 1149 1449 1254 1490; x_wconf 91' lang='lat' dir='ltr'>possit</span> 
     </span>
     <span class='ocr_line' id='line_1_26' title="bbox 94 1503 1252 1545; baseline 0.002 -11"><span class='ocrx_word' id='word_1_228' title='bbox 94 1503 227 1545; x_wconf 84' lang='lat' dir='ltr'>acquiri,</span> <span class='ocrx_word' id='word_1_229' title='bbox 261 1514 370 1535; x_wconf 90' lang='lat' dir='ltr'>revera</span> <span class='ocrx_word' id='word_1_230' title='bbox 402 1503 626 1535; x_wconf 84' lang='lat' dir='ltr'>exercitatione</span> <span class='ocrx_word' id='word_1_231' title='bbox 661 1508 871 1544; x_wconf 85' lang='lat' dir='ltr'>comparatur.</span> <span class='ocrx_word' id='word_1_232' title='bbox 930 1503 987 1534; x_wconf 85' lang='lat' dir='ltr'>Sin</span> <span class='ocrx_word' id='word_1_233' title='bbox 1019 1514 1094 1534; x_wconf 78' lang='lat' dir='ltr'>vero</span> <span class='ocrx_word' id='word_1_234' title='bbox 1130 1516 1148 1535; x_wconf 87' lang='lat' dir='ltr'>a</span> <span class='ocrx_word' id='word_1_235' title='bbox 1182 1505 1252 1536; x_wconf 88' lang='lat' dir='ltr'>Diis</span> 
     </span>
     <span class='ocr_line' id='line_1_27' title="bbox 93 1559 1254 1601; baseline 0.001 -10"><span class='ocrx_word' id='word_1_236' title='bbox 93 1559 288 1598; x_wconf 88' lang='lat' dir='ltr'>mitteretur,</span> <span class='ocrx_word' id='word_1_237' title='bbox 322 1560 430 1601; x_wconf 88' lang='lat' dir='ltr'>paucis</span> <span class='ocrx_word' id='word_1_238' title='bbox 458 1560 601 1591; x_wconf 93' lang='lat' dir='ltr'>Deorum</span> <span class='ocrx_word' id='word_1_239' title='bbox 631 1559 740 1591; x_wconf 87' lang='lat' dir='ltr'>amicis</span> <span class='ocrx_word' id='word_1_240' title='bbox 770 1559 984 1600; x_wconf 86' lang='lat' dir='ltr'>contingeret,</span> <span class='ocrx_word' id='word_1_241' title='bbox 1018 1564 1055 1590; x_wconf 91' lang='lat' dir='ltr'>ut</span> <span class='ocrx_word' id='word_1_242' title='bbox 1082 1560 1254 1592; x_wconf 88' lang='lat' dir='ltr'>admodum</span> 
     </span>
     <span class='ocr_line' id='line_1_28' title="bbox 93 1615 1143 1658; baseline 0 -11"><span class='ocrx_word' id='word_1_243' title='bbox 93 1616 202 1658; x_wconf 91' lang='lat' dir='ltr'>paucis</span> <span class='ocrx_word' id='word_1_244' title='bbox 226 1616 357 1647; x_wconf 89' lang='lat' dir='ltr'>Homeri</span> <span class='ocrx_word' id='word_1_245' title='bbox 379 1615 546 1654; x_wconf 86' lang='lat' dir='ltr'>heroibus,</span> <span class='ocrx_word' id='word_1_246' title='bbox 569 1627 618 1647; x_wconf 82' lang='lat' dir='ltr'>ex.</span> <span class='ocrx_word' id='word_1_247' title='bbox 642 1627 687 1657; x_wconf 89' lang='lat' dir='ltr'>gr.</span> <span class='ocrx_word' id='word_1_248' title='bbox 713 1615 881 1654; x_wconf 89' lang='lat' dir='ltr'>Menelao,</span> <span class='ocrx_word' id='word_1_249' title='bbox 904 1615 1008 1656; x_wconf 87' lang='lat' dir='ltr'>campi</span> <span class='ocrx_word' id='word_1_250' title='bbox 1031 1616 1143 1657; x_wconf 83' lang='lat' dir='ltr'>Elysii.</span> 
     </span>
    </p>

    <p class='ocr_par' dir='ltr' id='par_1_6' title="bbox 95 1668 1279 2107">
     <span class='ocr_line' id='line_1_29' title="bbox 183 1668 1252 1713; baseline 0.002 -11"><span class='ocrx_word' id='word_1_251' title='bbox 183 1672 211 1713; x_wconf 67' lang='grc' dir='ltr'>ξ.</span> <span class='ocrx_word' id='word_1_252' title='bbox 237 1671 267 1703; x_wconf 81' lang='lat'>5.</span> <span class='ocrx_word' id='word_1_253' title='bbox 313 1668 350 1702; x_wconf 71' lang='grc' dir='ltr'>τοὶ</span> <span class='ocrx_word' id='word_1_254' title='bbox 379 1668 456 1702; x_wconf 69' lang='grc' dir='ltr'><em>κατεῖ</em></span> <span class='ocrx_word' id='word_1_255' title='bbox 487 1669 582 1712; x_wconf 80' lang='grc' dir='ltr'>φύσιν)</span> <span class='ocrx_word' id='word_1_256' title='bbox 613 1672 782 1703; x_wconf 86' lang='lat' dir='ltr'>Naturales</span> <span class='ocrx_word' id='word_1_257' title='bbox 806 1682 874 1710; x_wconf 89' lang='lat' dir='ltr'>res,</span> <span class='ocrx_word' id='word_1_258' title='bbox 905 1677 941 1703; x_wconf 89' lang='lat' dir='ltr'>ut</span> <span class='ocrx_word' id='word_1_259' title='bbox 964 1672 1040 1703; x_wconf 87' lang='lat' dir='ltr'>dicit</span> <span class='ocrx_word' id='word_1_260' title='bbox 1062 1672 1252 1704; x_wconf 88' lang='lat' dir='ltr'>Aristoteles</span> 
     </span>
     <span class='ocr_line' id='line_1_30' title="bbox 96 1727 1252 1770; baseline 0.003 -12"><span class='ocrx_word' id='word_1_261' title='bbox 96 1728 204 1770; x_wconf 90' lang='lat' dir='ltr'>(Phys.</span> <span class='ocrx_word' id='word_1_262' title='bbox 215 1727 252 1767; x_wconf 91' lang='grc' dir='ltr'>ΙΙ,</span> <span class='ocrx_word' id='word_1_263' title='bbox 272 1728 316 1767; x_wconf 87' lang='lat'>8),</span> <span class='ocrx_word' id='word_1_264' title='bbox 340 1728 437 1759; x_wconf 89' lang='lat' dir='ltr'>finem</span> <span class='ocrx_word' id='word_1_265' title='bbox 461 1739 554 1759; x_wconf 91' lang='lat' dir='ltr'>suum</span> <span class='ocrx_word' id='word_1_266' title='bbox 577 1732 797 1769; x_wconf 85' lang='lat' dir='ltr'>assequuntur,</span> <span class='ocrx_word' id='word_1_267' title='bbox 821 1728 893 1759; x_wconf 90' lang='lat' dir='ltr'>finis</span> <span class='ocrx_word' id='word_1_268' title='bbox 920 1733 1026 1759; x_wconf 89' lang='lat' dir='ltr'>autem</span> <span class='ocrx_word' id='word_1_269' title='bbox 1049 1728 1169 1763; x_wconf 87' lang='lat' dir='ltr'>bonum</span> <span class='ocrx_word' id='word_1_270' title='bbox 1192 1735 1252 1761; x_wconf 87' lang='lat' dir='ltr'>est.</span> 
     </span>
     <span class='ocr_line' id='line_1_31' title="bbox 96 1781 1254 1826; baseline -0.001 -9"><span class='ocrx_word' id='word_1_271' title='bbox 96 1785 145 1817; x_wconf 88' lang='lat' dir='ltr'>Cf.</span> <span class='ocrx_word' id='word_1_272' title='bbox 169 1784 266 1826; x_wconf 80' lang='lat' dir='ltr'>Phys.</span> <span class='ocrx_word' id='word_1_273' title='bbox 291 1784 377 1823; x_wconf 82' lang='lat' dir='ltr'>VI&#39;lI,</span> <span class='ocrx_word' id='word_1_274' title='bbox 409 1796 436 1816; x_wconf 90' lang='lat' dir='ltr'>c.</span> <span class='ocrx_word' id='word_1_275' title='bbox 463 1784 500 1817; x_wconf 79' lang='lat'>6:</span> <span class='ocrx_word' id='word_1_276' title='bbox 537 1785 562 1815; x_wconf 78' lang='grc' dir='ltr'>ἐν</span> <span class='ocrx_word' id='word_1_277' title='bbox 585 1786 642 1822; x_wconf 70' lang='grc' dir='ltr'>τοῖς</span> <span class='ocrx_word' id='word_1_278' title='bbox 674 1781 759 1824; x_wconf 71' lang='grc' dir='ltr'>φύσει</span> <span class='ocrx_word' id='word_1_279' title='bbox 790 1786 836 1815; x_wconf 79' lang='grc' dir='ltr'>δεῖ</span> <span class='ocrx_word' id='word_1_280' title='bbox 855 1781 888 1815; x_wconf 72' lang='lat'>76</span> <span class='ocrx_word' id='word_1_281' title='bbox 911 1784 1121 1826; x_wconf 70' lang='grc' dir='ltr'>πεπερασμένον</span> <span class='ocrx_word' id='word_1_282' title='bbox 1151 1783 1200 1816; x_wconf 70' lang='grc' dir='ltr'>καὶ</span> <span class='ocrx_word' id='word_1_283' title='bbox 1220 1786 1254 1816; x_wconf 71' lang='grc' dir='ltr'>τὸ</span> 
     </span>
     <span class='ocr_line' id='line_1_32' title="bbox 95 1836 1253 1882; baseline 0.001 -10"><span class='ocrx_word' id='word_1_284' title='bbox 95 1840 221 1879; x_wconf 81' lang='grc' dir='ltr'>βέλτιον,</span> <span class='ocrx_word' id='word_1_285' title='bbox 253 1837 299 1871; x_wconf 63' lang='lat' dir='ltr'>{niv</span> <span class='ocrx_word' id='word_1_286' title='bbox 323 1840 489 1882; x_wconf 73' lang='grc' dir='ltr'>ἐνὸέχηται,</span> <span class='ocrx_word' id='word_1_287' title='bbox 519 1836 660 1881; x_wconf 59' lang='grc' dir='ltr'>ὑπάρχειν</span> <span class='ocrx_word' id='word_1_288' title='bbox 683 1841 801 1882; x_wconf 72' lang='grc' dir='ltr'>μᾶλλον.</span> <span class='ocrx_word' id='word_1_289' title='bbox 848 1840 931 1872; x_wconf 88' lang='lat' dir='ltr'>Eod.</span> <span class='ocrx_word' id='word_1_290' title='bbox 956 1851 983 1872; x_wconf 90' lang='lat' dir='ltr'>c.</span> <span class='ocrx_word' id='word_1_291' title='bbox 1010 1842 1046 1874; x_wconf 77' lang='lat'>7:</span> <span class='ocrx_word' id='word_1_292' title='bbox 1081 1837 1115 1871; x_wconf 70' lang='grc' dir='ltr'>τὸ</span> <span class='ocrx_word' id='word_1_293' title='bbox 1143 1840 1253 1879; x_wconf 74' lang='grc' dir='ltr'>βέλτιον</span> 
     </span>
     <span class='ocr_line' id='line_1_33' title="bbox 95 1890 1252 1940; baseline 0.002 -13"><span class='ocrx_word' id='word_1_294' title='bbox 95 1893 139 1928; x_wconf 65' lang='lat' dir='ltr'>cisi</span> <span class='ocrx_word' id='word_1_295' title='bbox 167 1892 404 1938; x_wconf 72' lang='grc' dir='ltr'>ὑπολαμβάνομεν</span> <span class='ocrx_word' id='word_1_296' title='bbox 434 1897 459 1927; x_wconf 79' lang='grc' dir='ltr'>ἐν</span> <span class='ocrx_word' id='word_1_297' title='bbox 483 1896 519 1940; x_wconf 74' lang='grc' dir='ltr'>τῇ</span> <span class='ocrx_word' id='word_1_298' title='bbox 545 1893 629 1936; x_wconf 79' lang='grc' dir='ltr'>φύσει</span> <span class='ocrx_word' id='word_1_299' title='bbox 652 1892 810 1937; x_wconf 60' lang='grc' dir='ltr'>ὑπάρχειν,</span> <span class='ocrx_word' id='word_1_300' title='bbox 839 1893 884 1928; x_wconf 59' lang='lat' dir='ltr'>{aiv</span> <span class='ocrx_word' id='word_1_301' title='bbox 914 1890 934 1940; x_wconf 62' lang='grc' dir='ltr'>ᾗ</span> <span class='ocrx_word' id='word_1_302' title='bbox 958 1893 1084 1928; x_wconf 66' lang='grc' dir='ltr'>δυνατόν.</span> <span class='ocrx_word' id='word_1_303' title='bbox 1130 1898 1182 1929; x_wconf 85' lang='lat' dir='ltr'>De</span> <span class='ocrx_word' id='word_1_304' title='bbox 1199 1898 1252 1939; x_wconf 88' lang='lat' dir='ltr'>ju-</span> 
     </span>
     <span class='ocr_line' id='line_1_34' title="bbox 95 1949 1254 1995; baseline 0 -11"><span class='ocrx_word' id='word_1_305' title='bbox 95 1957 226 1984; x_wconf 86' lang='lat' dir='ltr'>ventute</span> <span class='ocrx_word' id='word_1_306' title='bbox 256 1958 289 1983; x_wconf 88' lang='lat' dir='ltr'>et</span> <span class='ocrx_word' id='word_1_307' title='bbox 318 1957 499 1991; x_wconf 87' lang='lat' dir='ltr'>senectute,</span> <span class='ocrx_word' id='word_1_308' title='bbox 531 1964 559 1984; x_wconf 90' lang='lat' dir='ltr'>c.</span> <span class='ocrx_word' id='word_1_309' title='bbox 583 1953 620 1985; x_wconf 76' lang='lat'>4:</span> <span class='ocrx_word' id='word_1_310' title='bbox 655 1950 704 1994; x_wconf 75' lang='grc' dir='ltr'>τὴν</span> <span class='ocrx_word' id='word_1_311' title='bbox 735 1949 819 1992; x_wconf 78' lang='grc' dir='ltr'>φύσιν</span> <span class='ocrx_word' id='word_1_312' title='bbox 850 1949 955 1995; x_wconf 68' lang='grc' dir='ltr'>ἐρῶμεν</span> <span class='ocrx_word' id='word_1_313' title='bbox 979 1953 1004 1984; x_wconf 80' lang='grc' dir='ltr'>ἐν</span> <span class='ocrx_word' id='word_1_314' title='bbox 1034 1952 1122 1984; x_wconf 61' lang='grc' dir='ltr'>πᾶσιν</span> <span class='ocrx_word' id='word_1_315' title='bbox 1147 1953 1177 1984; x_wconf 80' lang='grc' dir='ltr'>ἐκ</span> <span class='ocrx_word' id='word_1_316' title='bbox 1199 1952 1254 1984; x_wconf 76' lang='grc' dir='ltr'>τῶν</span> 
     </span>
     <span class='ocr_line' id='line_1_35' title="bbox 97 2004 1252 2048; baseline 0 -8"><span class='ocrx_word' id='word_1_317' title='bbox 97 2008 219 2040; x_wconf 72' lang='grc' dir='ltr'>δυνατῶν</span> <span class='ocrx_word' id='word_1_318' title='bbox 242 2008 379 2040; x_wconf 66' lang='grc' dir='ltr'>ποιοῦσαν</span> <span class='ocrx_word' id='word_1_319' title='bbox 403 2005 436 2039; x_wconf 76' lang='grc' dir='ltr'><em>τό</em></span> <span class='ocrx_word' id='word_1_320' title='bbox 459 2005 625 2040; x_wconf 64' lang='grc' dir='ltr'>κάλλιστον.</span> <span class='ocrx_word' id='word_1_321' title='bbox 641 2027 685 2032; x_wconf 87' lang='lat'>—-</span> <span class='ocrx_word' id='word_1_322' title='bbox 701 2004 736 2047; x_wconf 73' lang='grc' dir='ltr'>ὥς</span> <span class='ocrx_word' id='word_1_323' title='bbox 761 2006 816 2040; x_wconf 58' lang='grc' dir='ltr'>οἷον</span> <span class='ocrx_word' id='word_1_324' title='bbox 840 2012 886 2047; x_wconf 83' lang='grc' dir='ltr'>τε)</span> <span class='ocrx_word' id='word_1_325' title='bbox 911 2005 945 2048; x_wconf 70' lang='grc' dir='ltr'>ὡς</span> <span class='ocrx_word' id='word_1_326' title='bbox 970 2007 1075 2040; x_wconf 77' lang='grc' dir='ltr'>οἴονται</span> <span class='ocrx_word' id='word_1_327' title='bbox 1091 2007 1148 2047; x_wconf 71' lang='lat' dir='ltr'>Kb,</span> <span class='ocrx_word' id='word_1_328' title='bbox 1173 2020 1252 2041; x_wconf 81' lang='lat' dir='ltr'>con—</span> 
     </span>
     <span class='ocr_line' id='line_1_36' title="bbox 97 2065 1279 2107; baseline -0.002 -9"><span class='ocrx_word' id='word_1_329' title='bbox 97 2065 195 2098; x_wconf 86' lang='lat' dir='ltr'>stanti</span> <span class='ocrx_word' id='word_1_330' title='bbox 219 2076 324 2097; x_wconf 88' lang='lat' dir='ltr'>errore</span> <span class='ocrx_word' id='word_1_331' title='bbox 347 2065 404 2097; x_wconf 93' lang='lat' dir='ltr'>has</span> <span class='ocrx_word' id='word_1_332' title='bbox 427 2076 522 2097; x_wconf 81' lang='lat' dir='ltr'>voces</span> <span class='ocrx_word' id='word_1_333' title='bbox 544 2070 740 2107; x_wconf 88' lang='lat' dir='ltr'>permutans.</span> <span class='ocrx_word' id='word_1_334' title='bbox 1269 2065 1279 2083; x_wconf 65' lang='lat'><em>²</em></span> 
     </span>
    </p>

    <p class='ocr_par' dir='ltr' id='par_1_7' title="bbox 186 2117 1254 2164">
     <span class='ocr_line' id='line_1_37' title="bbox 186 2117 1254 2164; baseline -0.001 -11"><span class='ocrx_word' id='word_1_335' title='bbox 186 2123 214 2162; x_wconf 56' lang='grc' dir='ltr'>ᾗ.</span> <span class='ocrx_word' id='word_1_336' title='bbox 240 2121 271 2154; x_wconf 89' lang='grc'>6.</span> <span class='ocrx_word' id='word_1_337' title='bbox 318 2117 428 2162; x_wconf 72' lang='grc' dir='ltr'>ὁμοίως)</span> <span class='ocrx_word' id='word_1_338' title='bbox 457 2121 492 2153; x_wconf 87' lang='lat' dir='ltr'>Si</span> <span class='ocrx_word' id='word_1_339' title='bbox 509 2122 578 2164; x_wconf 89' lang='lat' dir='ltr'>jam</span> <span class='ocrx_word' id='word_1_340' title='bbox 599 2122 759 2155; x_wconf 86' lang='lat' dir='ltr'>naturales</span> <span class='ocrx_word' id='word_1_341' title='bbox 781 2133 850 2161; x_wconf 91' lang='lat' dir='ltr'>res,</span> <span class='ocrx_word' id='word_1_342' title='bbox 880 2122 940 2153; x_wconf 89' lang='lat' dir='ltr'>etsi</span> <span class='ocrx_word' id='word_1_343' title='bbox 964 2126 1075 2153; x_wconf 85' lang='lat' dir='ltr'>natura</span> <span class='ocrx_word' id='word_1_344' title='bbox 1106 2121 1166 2153; x_wconf 89' lang='lat' dir='ltr'>sibi</span> <span class='ocrx_word' id='word_1_345' title='bbox 1188 2132 1254 2152; x_wconf 91' lang='lat' dir='ltr'>non</span> 
     </span>
    </p>
   </div>
  </div>
 </body>
</html>
