1439 2342
209 92 284 130 282
491 94 670 120 Commenta.
693 93 726 119 nd
747 92 857 120 Aristot.
878 92 965 119 Ethie.
986 91 1090 119 Nicon.
1400 118 1405 138 μ

211 215 279 235 rum
311 201 455 234 Stahrius
485 201 526 239 (I.
550 200 570 232 l.
594 211 627 242 p.
653 198 732 238 388)
755 200 834 233 haec
862 199 1029 233 manifesto
1059 211 1131 233 cum
1156 198 1196 233 iia
1224 208 1364 241 pugnare
1397 193 1407 247 j

211 258 384 296 contendit,
394 267 473 299 quae
486 268 581 298 supra
589 257 627 288 ad
639 255 718 295 VIII,
735 267 762 288 c.
776 256 806 295 9,
816 256 843 298 ξ.
856 256 884 288 1.
897 266 928 297 p.
938 255 1103 289 260.dixi=
1115 255 1216 288 Sedei
1230 256 1279 287 hic
1298 257 1363 286 tra-
1400 249 1406 291 ,⁴

210 318 305 347 ctam-⁹
329 315 364 345 de
386 314 520 345 amicicia
544 318 616 351 etc„
641 322 767 350 moneo,
786 311 847 344 etsi
870 312 932 344 duo
957 311 1026 344 libri
1050 311 1207 353 longiores
1231 311 1305 349 sint,
1328 315 1364 342 ut

207 372 350 412 primitus
373 369 559 402 Ethicorum
584 374 689 410 partes
714 368 844 406 suerint,
873 368 911 400 de
941 379 1004 400 uno
1026 368 1107 400 libro
1130 368 1162 399 id
1186 378 1250 400 non
1274 367 1363 410 sequi

210 425 405 465 necessari03
429 431 462 457 et
484 425 580 456 modo
600 425 666 466 jam
680 425 769 456 attuli
786 424 950 463 rationem,
975 435 1030 457 cur
1042 424 1120 456 alter
1135 423 1186 455 hic
1197 423 1237 455 de
1252 422 1363 456 amici-

210 482 253 514 tia
273 487 436 520 tractatus,
462 481 577 523 quippe
602 481 654 522 qui
676 480 771 519 θέσεις
795 481 966 519 contineat,
991 491 1054 512 non
1079 490 1117 512 eo
1132 479 1196 511 fine
1224 478 1264 511 ab
1291 479 1362 512 Ari-
1400 470 1405 502 '²

210 539 336 576 stotele,
349 538 441 570 fuerit
449 537 657 578 conscriptus,
672 542 706 568 ut
722 537 752 568 in
766 547 880 578 corpus
893 537 1080 568 Ethicorum
1087 535 1290 578 reciperetur,
1303 535 1363 568 etsi
1400 529 1405 551 i

210 594 293 626 haud
306 593 442 625 absurde
459 594 520 625 hoc
533 593 651 632 fecerit,
675 593 727 635 qui
750 598 854 625 totum
879 604 958 635 opus
981 593 1014 625 in
1038 593 1182 624 ordinem
1195 591 1361 634 redegerit.

299 650 327 691 ᾧ.
357 650 382 682 l.
429 645 566 689 καθάπερ
599 646 721 691 εἴρηται)
747 649 826 681 Vide
851 659 937 690 supr.
962 648 1040 686 VIII,
1056 659 1082 680 c.
1103 648 1154 687 14,
1178 647 1206 689 ξ.
1222 649 1261 688 43
1277 648 1362 680 unde

209 707 304 739 etiam
325 706 465 748 profecta
485 711 535 737 est
547 705 701 747 quaesti0‚
717 716 810 747 quam
824 704 884 736 hoc
899 705 1001 746 capite
1014 699 1124 736 auctor
1137 704 1235 737 fusius
1257 703 1361 737 solvit.

210 764 270 794 Est
293 768 398 794 autem
422 766 566 793 nostrum
591 766 686 802 caput
709 761 910 802 amplificatio
934 760 1018 793 tertii
1034 761 1147 793 decimi
1164 760 1274 802 capitis
1291 760 1360 793 libri

209 818 426 861 praecedentis
458 824 490 850 et
520 828 647 856 eorum,
678 828 757 859 quae
787 817 818 848 in
848 817 915 848 aliis
947 828 1072 859 quoque
1099 817 1254 858 capitibus
1277 817 1360 848 illius

208 874 277 907 Iibri
301 879 521 917 proposuerat,
547 879 582 905 ut
603 873 744 915 pluribus
767 873 812 914 ᾅξ.
837 873 1026 915 comparatis
1051 878 1196 915 apparet:
1222 873 1250 914 ᾧ.
1275 872 1358 905 2-3.

212 930 311 962 nostri
335 931 446 972 capitis
470 929 565 969 (VIII,
589 941 615 961 c.
641 929 672 967 8,
697 929 723 971 ᾗ.
750 930 795 969 7);
821 930 849 971 ᾧ.
874 929 969 961 6-10
993 929 1086 968 (VIII,
1111 941 1138 962 c.
1166 929 1217 969 13,
1241 929 1270 970 ξ.
1297 929 1358 963 10-
1402 940 1406 945 ’

211 987 284 1025 11);
310 987 338 1028 ξ.
368 987 400 1018 11
431 986 532 1025 (VIII,
556 997 582 1018 c.
610 985 661 1024 13,
686 986 714 1026 ξ.
740 985 775 1024 6)
799 991 859 1017 etc.
887 1004 925 1010 —
951 983 1006 1017 οἷον
1029 983 1077 1017 καὶ
1101 985 1126 1017 ἐν
1149 985 1185 1029 τῆ
1212 985 1357 1029 πολιτικῇ)

207 1044 281 1074 Νοη
302 1043 403 1084 rejicit
416 1046 524 1074 auctor
543 1042 694 1074 lectorem
715 1041 754 1073 ad
765 1042 804 1079 V,
824 1052 850 1074 c.
870 1041 963 1080 5,ubi
982 1047 1089 1074 tamen
1109 1042 1187 1074 haec
1204 1041 1360 1074 uberrime

208 1104 339 1131 tractata
363 1098 508 1136 vidimus,
533 1097 604 1140 quia
627 1098 734 1129 theses
754 1098 813 1128 hae
836 1097 1005 1139 separatim
1029 1098 1205 1139 divulgatae
1227 1098 1360 1130 fuerant.

296 1155 323 1196 ᾗ.
349 1155 379 1185 2.
427 1151 675 1195 ἐπαγγελλέμενσς)
705 1165 748 1185 sc.
774 1150 787 1184 ὃ
812 1151 942 1195 ἐραστής.

295 1210 321 1251 ξ.
348 1210 378 1241 3.
426 1209 498 1253 ᾡιλῇ
530 1206 575 1240 τὲν
605 1206 754 1251 ἐρώμενον)
781 1205 826 1240 τᾶν
858 1206 988 1251 ἐρώμενον
1020 1209 1092 1254 φιλ-ᾔ
1115 1210 1291 1242 Bekkerus.
1314 1228 1358 1234 ·—

206 1263 325 1306 αὐτούς)
359 1261 459 1303 αὐτούς
491 1265 629 1304 Coraes,
665 1264 846 1303 Bekkerus,
877 1276 947 1297 cum
978 1266 1134 1307 vulgatam
1164 1270 1197 1297 et
1225 1267 1292 1298 Ven
1328 1271 1360 1298 et

206 1322 386 1353 Eustratius
412 1327 569 1360 tueantur,
594 1332 687 1363 quam
701 1326 821 1352 vertas:
842 1321 918 1352 alter
941 1322 1076 1360 alterum,
1101 1333 1172 1353 cuni
1197 1318 1296 1360 αὐτούς
1319 1322 1361 1354 sit

205 1389 237 1409 se
260 1380 349 1419 ipsos.
374 1378 616 1419 paraphrastes:
642 1374 674 1408 οὗ
700 1374 754 1418 γεῖρ
769 1373 910 1418 ἀλλήλους
936 1375 1075 1418 ἔστεργον,
1099 1374 1178 1409 (ἄλλαὶ
1202 1375 1239 1409 τά
1265 1374 1359 1420 ἀλλή-

205 1438 269 1466 λων.
294 1451 337 1457 —
361 1432 414 1464 τῶν
438 1430 527 1475 ἠθῶν)
554 1433 606 1465 Sic
630 1433 691 1465 mei
715 1433 760 1471 (in
787 1433 813 1465 C
837 1439 945 1465 tamen
968 1433 1046 1465 liber
1068 1433 1123 1465 IX.
1147 1434 1236 1466 deest
1259 1434 1358 1466 maxi-

205 1501 289 1521 mam
314 1493 461 1531 partem),
486 1490 557 1528 NC,
583 1490 652 1527 Par,
681 1489 845 1521 Bekkerus
870 1489 981 1522 tacite:
1013 1489 1065 1521 τῶν
1089 1486 1197 1530 ἠθικῶν
1226 1490 1285 1522 soli
1309 1490 1358 1529 El,

207 1546 305 1584 CCC,
330 1547 424 1584 Vrat,
450 1546 538 1583 Ven,
564 1545 755 1577 Eustratius.
783 1564 823 1568 —-
847 1543 984 1585 καθάπερ
1016 1543 1138 1587 εἴρηται)
1166 1546 1204 1578 cf.
1229 1545 1308 1585 VIII,
1332 1557 1358 1578 c.

205 1602 235 1641 3,
261 1603 290 1644 ᾖ.
316 1603 399 1636 6-7.

294 1659 322 1699 ξ.
347 1658 377 1690 4.
426 1658 466 1700 τῷ
488 1658 658 1699 κιθαρῳδῷ)
685 1657 904 1689 VVilkinsonus
929 1669 945 1690 e
963 1658 1107 1690 Mureto:
1125 1658 1358 1697 ‚,Plutarchus“

204 1714 271 1752 (De
294 1714 409 1746 fortun.
432 1714 613 1752 Alexandri,
637 1725 663 1745 c.
694 1714 720 1745 1.
747 1714 785 1745 T.
817 1713 876 1752 IX,
913 1724 943 1755 p.
969 1714 1021 1746 50.
1047 1715 1086 1746 ed
1109 1715 1253 1756 Huttcn)
1285 1715 1357 1754 „fa-

204 1774 289 1801 ctum
314 1769 374 1801 hoc
399 1770 554 1812 Dionysio
579 1775 720 1812 tyranno,
739 1770 938 1812 Syracusano
963 1771 1082 1803 tribuit.
1130 1771 1184 1804 Sic
1195 1772 1356 1814 Augustus

204 1825 329 1858 cuidam
354 1826 521 1864 Graeculo,
547 1831 581 1857 ut
605 1827 810 1858 Macrobius“
835 1827 918 1866 (Sat.
943 1827 978 1866 II,
1004 1827 1034 1867 4,
1059 1838 1090 1869 p.
1108 1827 1184 1860 345.
1202 1828 1250 1860 ed.
1268 1828 1355 1870 Bip.)

203 1887 342 1920 ,φατι-ετ,
367 1893 476 1914 versus
502 1893 558 1924 pro
583 1882 724 1914 versibus
751 1883 903 1914 reddidit:

336 1939 430 1970 Verba
455 1940 523 1970 dedi
549 1939 652 1979 Xysto‚
677 1941 759 1971 decet
780 1942 852 1971 haec
876 1940 951 1972 dare
976 1940 1054 1972 dona
1074 1942 1224 1980 poe'tam.“

204 1994 364 2027 Plutarchi
383 2000 487 2026 autem
513 1995 649 2026 narratio
668 2001 715 2027 est
740 1996 835 2027 haec:
861 1994 1014 2034 Διονύσιος
1035 1994 1098 2037 γοῦν
1123 1991 1137 2027 ὅ
1160 1992 1298 2036 τύραννος,
1322 1992 1356 2035 ὥς

201 2048 276 2090 φασὶ
314 2050 484 2092 κιθαρῳδοῦ
520 2048 590 2090 τινὸς
631 2047 841 2093 εὗὸσκιμεῦντος
879 2049 986 2084 ἀκούων
1021 2050 1210 2094 ἐπηγγειλατο
1249 2049 1355 2093 δωρεᾶν

201 2102 279 2147 αὐτῷ
302 2103 452 2139 τάλαντον.
480 2107 516 2151 τῇ
537 2106 568 2139 δῖ
590 2103 726 2149 ὑστεραίᾳ
754 2108 803 2139 τοῦ
826 2105 982 2149 ἀνθρώπου
1005 2105 1054 2150 τὴν
1076 2104 1237 2150 ὑπόσχεσιν
1260 2104 1354 2140 εἶπαι-

201 2162 321 2201 τοῧντος,
345 2162 420 2203 χθὲς
456 2162 529 2195 ιῖκ-εν
572 2160 783 2206 εὖφριιινόμενες
819 2160 875 2196 ὑπὸ
912 2164 966 2196 σοῦ
996 2165 1065 2205 παρ’
1098 2158 1126 2196 ἓν
1153 2157 1216 2209 ᾖδες
1252 2161 1354 2206 χρόνον
