1439 2342
166 63 237 100 138
437 64 616 90 Commentar.
638 62 673 88 nd
693 62 803 90 Armet.
824 61 912 89 Ethie.
932 61 1036 88 Nicom.

164 174 234 214 ipsa
256 170 388 203 actionis
411 168 588 201 substantia
610 168 682 208 (τι),
712 167 786 210 quia
812 167 891 200 haee
912 167 1012 200 virtus
1040 168 1074 200 in
1095 168 1318 211 impendendis

164 226 306 270 pecuniis
318 225 419 266 iisque
435 223 555 266 magnis
570 228 714 256 versatur
720 235 730 263 ;
752 222 784 264 3)
798 223 924 255 tertiam
939 223 966 255 ἐν
981 222 1043 264 τίνι,
1059 235 1154 267 quam
1169 224 1231 257 hoe
1244 224 1318 258 loeo

165 283 190 314 ἐν
213 276 238 323 ᾧ
251 279 440 312 Aristoteles
455 283 559 319 vocat,
583 289 663 321 quae
679 279 846 321 categoria,
870 291 967 322 quum
978 280 1051 312 loco
1073 279 1202 312 laudato
1218 280 1319 322 expli-

164 337 255 369 candi
277 347 373 368 causa
395 335 491 367 etiam
514 331 579 376 περὶ
600 333 633 366 τί
650 334 836 367 nominetur
857 337 909 374 (ut
929 335 1025 367 etiam
1047 336 1117 367 infr.
1141 335 1169 377 ᾗ.
1185 335 1233 376 4),
1251 336 1318 378 jam

164 390 227 433 περὶ
243 387 263 423 ἅ
285 397 395 423 nostro
417 391 489 423 loco
511 390 573 433 legi
587 402 651 422 non
676 396 795 432 potest,
816 391 890 433 quia
905 396 992 424 esset
1013 391 1108 434 plane
1123 391 1209 423 idem
1223 396 1319 434 atque

164 449 188 479 ἐν
212 442 251 488 ᾧ,
285 447 371 489 quod
400 447 469 489 ipse
491 447 646 489 Aspasius
669 447 833 479 concedit:
869 447 899 478 ἐι
923 445 1116 489 παραλλήλου
1146 447 1177 478 όὲ
1200 445 1262 479 εἷπε
1283 445 1319 478 τὸ

164 503 189 534 ἐν
212 498 240 544 ᾦ
257 500 306 534 καὶ
328 500 392 543 περὶ
416 497 442 534 Z.
495 502 559 534 Sed
588 507 657 534 tum
677 497 697 544 ἢ
719 500 783 543 περὶ
807 497 826 534 ἱί
849 503 911 544 legi
934 502 1074 534 deberet.
1126 503 1234 534 Fluxit
1255 502 1323 543 περί

163 559 195 590 in
218 563 268 590 tot
291 558 416 590 codices
440 569 458 589 e
481 557 706 599 Paraphraste,
737 568 810 589 cum
833 552 852 589 ἅ
874 558 981 589 multis
1003 557 1135 589 librariis
1157 557 1320 590 intellectu

164 614 320 646 difficilius
343 613 464 644 fuisset.

251 669 279 710 ξ.
304 668 335 702 3.
381 665 521 710 πολλάκι)
559 669 598 701 cf.
622 668 752 700 Homer.
777 668 895 710 Odyss.
918 668 1022 707 XVII,
1045 680 1075 701 v.
1093 668 1169 702 420.
1191 687 1229 693 -
1255 662 1319 702 015-

164 726 225 766 ·ccg)
250 719 336 763 οὕτως
360 723 423 762 Mb,
447 723 505 764 Nb,
528 724 705 762 Bekkerus,
730 724 850 756 scilicet
871 726 938 756 aaz)
961 720 1041 766 ἀξίαν
1065 723 1206 757 δαπανῶν.
1253 724 1318 757 Sed

165 780 302 822 saepius,
326 784 458 812 notante
482 780 600 819 Zellio,
624 790 800 822 pronomen
825 780 980 812 abundat:
1005 780 1063 819 Vl,
1099 791 1126 813 c.
1145 780 1204 820 12,
1238 780 1266 822 §.
1283 779 1320 820 93

164 836 237 874 Vll,
273 847 300 868 c.
325 836 362 875 7,
398 835 425 876 ξ.
451 837 489 874 5;
525 841 558 867 et
593 835 690 867 habet
720 836 782 867 hoc
811 836 937 877 quidem
971 847 1061 867 suam
1088 836 1152 868 vim
1176 841 1208 868 et
1230 836 1319 878 lepo-

163 902 240 923 rem.
265 909 307 914 —
353 889 430 923 εύὸὲν
459 890 591 933 μᾶλλον)
637 891 657 923 i.
688 902 716 923 e.
740 888 870 932 οὖὸαμῶς
899 891 1073 923 secundum
1102 891 1252 930 Zellium,
1285 897 1320 923 ut

163 949 256 979 m'lzilo
278 949 375 988 vta-qis
397 946 480 987 apud
504 946 667 977 Plautum:
693 946 850 986 Amphitr.
874 945 937 984 111,
962 946 993 984 2,
1018 947 1071 978 27.

251 1002 278 1043 ξ.
302 1003 334 1034 4.
380 1000 536 1040 βαναυσία.)
560 1001 620 1032 Hic
643 1012 793 1032 excessus
824 1001 856 1031 in
879 1001 988 1042 Magn.
1012 1001 1096 1033 Mor.
1119 1001 1149 1040 Ι,
1179 1002 1232 1034 27.
1261 1015 1319 1033 σα-

163 1057 316 1094 λακωνεία,
340 1057 373 1088 in
396 1057 478 1088 Eud.
495 1056 539 1095 ΙΙ,
564 1056 594 1088 3.
621 1054 782 1098 dun-ampla
806 1061 945 1088 vocatur.

251 1113 279 1154 ᾧ.
304 1112 334 1145 6.
381 1112 406 1143 ἐν
429 1111 532 1156 ἀρχῇ)
568 1112 605 1143 cf.
629 1111 673 1150 11,
697 1123 724 1144 e.
744 1112 772 1150 1,
807 1112 834 1152 ξ.
852 1111 964 1144 6-8.
989 1129 1033 1135 -
1078 1112 1108 1144 αἱ
1127 1111 1176 1155 δέ)
1201 1111 1238 1154 ὁή
1260 1123 1318 1155 pro

164 1169 196 1200 δέ
217 1169 295 1205 Par,
325 1167 546 1199 WViniusonus
575 1173 608 1199 et
633 1167 797 1199 Bekkerus
822 1167 909 1199 varia
937 1168 1072 1200 lectione
1102 1179 1167 1200 non
1197 1174 1317 1207 notata,

164 1236 236 1256 cuin
263 1229 370 1255 tamen
397 1223 590 1255 Cardwellus
620 1234 680 1255 nec
710 1223 778 1264 ipse
807 1224 951 1256 codicem
982 1235 1074 1255 suum
1104 1224 1205 1256 citans
1229 1225 1257 1256 αἱ
1288 1224 1321 1256 όέ

163 1281 256 1322 legat.
312 1279 429 1310 Melius
461 1289 496 1310 se
523 1278 639 1310 habere
668 1279 793 1311 videtur
823 1277 875 1321 ὸή,
910 1291 983 1312 cum
1012 1280 1053 1311 sit
1081 1281 1317 1322 consequentia.

164 1335 395 1377 Argyropylus:
425 1337 529 1375 iyilur.
582 1335 728 1367 Muretus
751 1335 957 1377 gallicismum
979 1336 1132 1368 inducens
1157 1336 1188 1367 αἱ
1217 1335 1249 1367 ὁέ
1279 1336 1319 1368 ad

165 1390 307 1432 ἐνεργείαις
328 1391 441 1429 refert,
465 1390 578 1422 eodem
603 1402 709 1423 sensu.

251 1447 279 1487 ξ.
304 1446 336 1478 8.
382 1443 438 1477 οἷον
461 1445 591 1488 μέγεθσς)
637 1447 785 1479 Veterem
815 1447 1058 1489 interpungendi
1084 1447 1238 1480 rationem
1268 1457 1318 1479 re—

164 1501 363 1540 vocavimus,
385 1507 539 1543 punctum
562 1512 627 1533 non
650 1506 724 1543 post
747 1501 882 1544 μέγεθος,
905 1503 963 1534 sed
985 1508 1061 1544 post
1083 1495 1168 1545 οὔσης
1191 1503 1319 1535 demum

164 1562 331 1599 ponentes.
379 1557 432 1589 Sic
451 1558 685 1599 Argyropylus‚
715 1558 890 1598 Victorius,
919 1558 1113 1598 Lambinus,
1144 1559 1264 1591 Cernes
1287 1564 1321 1590 et

165 1613 226 1644 alii.
270 1614 367 1644 Verte
389 1613 498 1654 igitur:
523 1614 587 1645 Sed
607 1615 639 1644 in
661 1615 709 1645 his
730 1624 870 1655 maynum
891 1618 937 1645 est
955 1617 1117 1656 maynffici,
1142 1616 1232 1646 veluti
1255 1625 1319 1646 ma·

161 1669 284 1710 ynitudo
303 1669 491 1700 liberalitatis
511 1671 597 1701 circa
618 1671 692 1702 llaec
713 1672 879 1707 versantis,·
902 1670 946 1701 ita
968 1674 1005 1701 ut
1026 1670 1257 1712 magnificentia
1279 1670 1321 1702 sit

164 1724 332 1757 liberalitas
366 1725 615 1765 magnitudinem
651 1726 808 1768 quandam
845 1726 976 1758 habens.
1040 1727 1165 1768 Nempe
1198 1727 1319 1769 magni-

165 1780 243 1813 tudo
267 1784 316 1812 est
339 1780 428 1811 notio
451 1781 590 1813 relativa.
635 1782 740 1814 Verba
763 1787 868 1814 autem
890 1780 938 1814 καὶ
962 1779 1022 1814 ἀπὸ
1046 1782 1095 1824 τῆς
1119 1781 1181 1824 ἴσης
1204 1793 1320 1815 novam

166 1835 322 1878 magnifici
345 1835 570 1877 proprietatem
593 1837 757 1870 inducunt.
808 1837 973 1870 Bekkerus
993 1843 1027 1870 et
1047 1843 1122 1880 post
1144 1837 1264 1881 μέγεθος
1287 1844 1321 1871 et

167 1898 242 1935 post
272 1885 357 1933 οὔσης
389 1901 512 1924 comma
543 1894 666 1934 posuit,
702 1900 735 1926 et
765 1895 938 1926 Cardwello
975 1894 1145 1926 obsecutus
1179 1900 1319 1927 veterem

167 1948 286 1981 Mureti
315 1947 527 1989 conjecturam
559 1947 622 1989 περὶ
652 1946 746 1981 ταῦτα’
768 1961 825 1992 pro
855 1947 919 1991 περὶ
946 1949 1039 1982 ταῦτα
1073 1950 1165 1982 unius
1195 1955 1319 1982 tantum

167 2005 284 2037 codicis
314 2004 405 2045 (ff),
439 2004 492 2045 qui
522 2002 615 2037 ταυτά
644 2005 722 2047 (sic)
747 2006 823 2048 legit
844 2006 930 2047 (vide
954 2017 1039 2048 supr.
1063 2006 1103 2038 ad
1131 2006 1189 2045 111,
1225 2017 1252 2038 c.
1286 2006 1318 2044 7,

168 2062 194 2101 ᾧ.
222 2061 295 2102 12),
326 2062 512 2095 auctoritate
535 2061 636 2093 nisam
658 2061 782 2094 refovit.
827 2062 892 2094 Sed
907 2062 1139 2105 magnificentia
1160 2072 1225 2094 non
1248 2072 1318 2094 ver-

170 2121 256 2149 satur
279 2117 309 2148 in
332 2117 461 2157 iisdem,
484 2118 516 2150 in
540 2117 652 2160 quibus
674 2117 853 2157 liberalitem
876 2129 947 2151 curn
971 2118 1049 2151 haec
1070 2117 1103 2151 in
1125 2118 1246 2160 parvis,
1266 2117 1319 2151 illa
