1439 2342
159 55 234 93 216
436 57 616 84 comment-r.
639 53 673 82 ad
694 54 802 83 arim
823 53 911 83 Echio.
933 53 1038 83 Nicon.

157 167 409 211 propositionem
434 165 588 197 minorem
605 163 718 207 Logici
741 168 858 196 vocant
880 164 963 197 circa
979 164 1101 207 sing-ula
1119 170 1317 206 versantem,

157 225 196 257 de
228 235 289 266 qua
317 221 514 254 Eustratius:
546 218 595 253 καὶ
624 218 674 263 τὴν
703 216 817 264 μερικὴν
846 220 956 264 μᾶλλον
987 217 1000 252 ὅ
1031 218 1188 261 πρακτυιός
1218 229 1326 260 σκοπεῖ·

157 277 192 319 ὥς
225 278 352 321 προςεχῆ
381 277 423 320 τῷ
452 278 524 311 καθ’
554 275 673 310 ἕκαστα.
721 275 784 314 περὶ
813 278 867 310 τῶν
893 277 1010 319 μερικῶν
1034 275 1203 317 προτάσεων
1235 278 1321 311 τοῦτο

158 333 246 378 φησὶν
279 332 314 374 ὡς
345 335 405 367 δέον
429 331 534 373 ταύτας
558 333 656 365 εἰδέναι
678 331 736 374 πρὸ
767 333 821 365 τῶν
844 331 977 366 καθόλου
1000 332 1048 366 καὶ
1073 336 1111 366 δι’
1133 331 1225 367 αὐτῶν
1249 332 1320 377 πρὸς

159 392 258 431 ἐκείνας
283 389 462 432 ἀνέρχεσθαι
485 388 534 425 καὶ
558 384 632 421 οὕτω
657 386 704 421 διαὶ
729 389 783 421 τῶν
806 387 941 422 καθόλου
965 390 1150 431 βεβαιοτέρας
1172 388 1223 429 wig
1239 403 1321 434 μερι-

157 446 208 488 κείς
240 445 471 490 ἀπεργάζεσθαι.
525 447 617 480 Quae
649 457 722 478 cum
754 446 821 489 ipse
850 447 987 478 fateatur
1016 447 1213 487 Eustratius,
1250 448 1322 490 ipso

154 504 264 546 judice
283 507 349 548 jam
375 509 522 547 apparet,
546 509 579 535 et
602 503 775 535 intellectui
799 503 902 535 activo
924 503 1076 546 principia
1100 515 1170 536 esse
1193 504 1322 536 univer-

159 562 255 600 salia,
287 573 304 593 e
334 561 447 604 quibus
477 560 749 592 demonstratione
774 564 879 591 cetera
904 560 1050 592 deducat.
1095 561 1166 593 Nec
1189 561 1320 593 omnino

161 619 272 657 video,
297 629 352 650 cur
376 613 389 649 ὁ
412 616 459 659 μέν
482 622 606 648 tantum
631 617 670 648 ad
695 616 994 658 contemplativum,
1028 613 1041 648 ὁ
1065 616 1099 650 δέ
1120 617 1158 648 ad
1183 617 1320 649 activum

158 675 354 707 intellectum
391 674 496 706 referri
531 673 655 706 debeat.
713 673 786 705 Dici
822 673 905 705 enim
941 678 1048 715 potest
1082 678 1249 717 utrumque
1283 674 1322 706 de

159 731 291 770 utrovis,
315 737 351 763 ut
374 730 453 762 infra
477 730 504 772 ᾧ.
523 729 553 762 6.
578 730 617 762 de
635 730 754 769 activo3
779 735 872 773 atque
889 730 984 762 etiam
1000 731 1032 762 in
1053 730 1323 772 contemplatione

160 787 347 821 universalia
379 798 396 819 e
427 787 635 829 singularibus
665 787 879 819 innotescunt.
927 786 992 819 Sed
1022 787 1083 819 hoc
1114 793 1219 819 tamen
1250 787 1321 819 loco

160 845 199 877 de
224 845 326 877 activo
351 844 512 876 intellectu
537 844 725 876 Aristoteles
749 844 917 886 praecipue
948 844 1100 886 loquitur,
1132 854 1321 886 quamquam

160 901 214 933 τῶν
236 898 370 943 ἀκινήτων
394 895 462 941 ’ὅρων
486 897 534 931 καὶ
560 898 677 941 πρώτων
701 900 741 931 de
765 900 926 933 intellectu
951 899 1199 942 contemplativo
1214 901 1321 942 potius

159 957 333 1001 praedicari
357 967 421 989 non
447 956 637 999 negaverim.
683 956 767 989 Nam
794 956 826 988 in
851 957 1098 999 contemplativo
1123 956 1321 995 universalia,

159 1015 190 1046 in
215 1014 318 1047 activo
343 1013 510 1056 singularia
533 1013 657 1056 potiora
681 1018 756 1045 sunt
770 1013 934 1055 principia.
982 1012 1200 1055 Opponuntur
1217 1018 1322 1044 autem

159 1068 235 1104 κατεῖ
260 1068 310 1110 τοὶς
335 1067 490 1112 ἀποδείξεις
514 1075 547 1102 et
571 1069 596 1102 ἐν
620 1071 680 1109 ταῖς
705 1071 875 1110 πρακτικαῖς
899 1069 1014 1101 eodem
1032 1069 1138 1108 mod0‚
1164 1080 1226 1112 quo
1247 1079 1325 1102 mox

165 1130 224 1167 ταῖς
248 1124 460 1165 ἀναποδείκτοις
485 1123 595 1167 φείσεσι
621 1123 669 1158 καὶ
694 1122 789 1167 δόξαις
814 1131 846 1157 et
870 1125 921 1157 τῶν
948 1122 1128 1167 ἀποδείξεων.

252 1185 279 1226 ξ.
306 1184 336 1216 5.
383 1180 428 1216 διὸ
451 1180 499 1214 καὶ
524 1179 652 1223 φυσικοί)
683 1182 768 1216 Quia
791 1193 847 1224 per
863 1193 992 1214 sensum
1008 1182 1094 1214 illum
1111 1193 1324 1222 communem,

163 1247 277 1274 natura
301 1240 392 1272 nobis
416 1239 562 1279 insitum,
593 1239 760 1282 singularia
792 1239 982 1281 percipimus
1011 1238 1164 1281 principia
1187 1239 1327 1281 moralia·

160 1298 357 1341 Sapientiam
383 1302 489 1329 autem
514 1301 625 1328 natura
654 1295 738 1338 gigni
762 1306 856 1327 nemo
881 1296 1070 1334 contendet,
1095 1297 1212 1338 puippe
1236 1306 1327 1338 quae,

160 1366 233 1387 cum
263 1354 420 1396 pertineat
445 1353 484 1385 ad
517 1364 586 1385 eam
611 1353 678 1395 ipsa
703 1353 930 1384 demonstratio
956 1363 993 1385 ex
1016 1351 1255 1391 universalibus,
1280 1352 1327 1385 di-

162 1411 294 1454 sciplina
313 1410 432 1451 indiget
456 1415 488 1442 et
507 1409 660 1442 doctrina.

250 1469 277 1510 §.
303 1466 332 1500 6.
381 1463 566 1504 ἀκολουθεῖν)
603 1465 744 1507 intellige
768 1465 961 1508 subjectum:
986 1467 1040 1497 hos
1061 1466 1188 1499 habitus.
1212 1483 1255 1490 ·—-
1278 1460 1328 1508 ἥδε

161 1521 177 1567 ἦ
209 1521 319 1567 ἡλικία)
357 1523 441 1556 Quia
472 1529 584 1555 natura
616 1522 670 1554 dat
701 1527 838 1554 aetatem
875 1522 1091 1564 grandiorem,
1130 1533 1209 1565 quae
1246 1522 1326 1554 duce

162 1581 356 1623 experientia
378 1581 438 1612 hos
463 1579 588 1612 habitus
613 1579 754 1621 acquirit,
784 1591 801 1611 a
825 1584 936 1611 natura
960 1579 1221 1621 proficiscuntur,
1256 1590 1328 1611 cum

163 1637 326 1680 sapientia,
351 1637 371 1668 i.
397 1648 423 1668 e.
449 1636 586 1678 cognitio
612 1647 715 1668 rerum
741 1636 926 1674 divinarum,
944 1641 1056 1678 utpote
1081 1646 1161 1678 quae
1185 1635 1329 1668 doctrina

162 1695 317 1736 gignatur,
341 1694 481 1725 omnium
507 1694 548 1725 sit
571 1697 721 1725 aetatum.
769 1692 822 1724 Sic
838 1692 1019 1724 Eustratius
1043 1698 1075 1725 et
1090 1692 1326 1735 paraphrastes.

163 1770 206 1775 ——
230 1746 381 1792 ἀρχὴκαὶ
412 1749 507 1788 τέλος)
544 1750 769 1792 paraphrastes
802 1745 883 1791 ἀρχή
920 1749 960 1781 de
990 1749 1152 1782 intellectu
1183 1754 1327 1782 contem-

163 1807 292 1850 plativo,
318 1806 396 1845 τέλος
420 1807 437 1837 d
484 1806 645 1838 intellectu
671 1806 773 1837 activo
797 1805 928 1847 intelligi
951 1806 1033 1845 vult3
1059 1805 1114 1837 sed
1138 1810 1224 1837 recte
1249 1804 1328 1837 vidit

162 1864 214 1896 hic
237 1864 364 1895 demum
384 1864 432 1894 Eu
455 1863 574 1901 tratius,
600 1863 835 1905 unumquidque
853 1863 891 1894 ad
907 1867 1076 1905 utrumque
1096 1861 1201 1894 referri
1219 1872 1325 1904 posse.

164 1921 284 1952 Sensus
309 1926 414 1952 nutem
439 1925 503 1951 est:
529 1921 604 1957 Res,
629 1920 659 1950 in
686 1919 798 1962 quibus
822 1919 1002 1951 intellectus
1027 1919 1148 1951 activus
1172 1923 1326 1956 versatur,

163 1983 237 2009 sunt
261 1982 315 2008 aut
337 1977 489 2019 principia
513 1976 643 2018 agendi,
669 1987 686 2007 e
711 1976 840 2018 quibus,
866 1976 940 2019 quid
965 1975 1083 2008 bonum
1105 1975 1163 2014 sit,
1189 1975 1326 2007 demon-

164 2040 297 2073 stratur,
330 2039 386 2065 aut
414 2033 466 2064 illa
495 2033 605 2064 ultima
629 2032 659 2063 in
685 2033 842 2064 actionem
866 2032 1030 2071 cadentia,
1062 2032 1142 2064 circa
1167 2042 1247 2074 quae
1271 2031 1327 2063 de-

164 2091 352 2121 monstratio
377 2090 429 2129 fit3
454 2090 498 2122 ita
521 2094 556 2122 ut
580 2100 700 2128 eorum,
725 2090 777 2132 qui
802 2089 996 2131 experientia
1019 2094 1052 2121 et
1067 2093 1170 2120 aetate
1185 2087 1328 2130 pruden-

165 2151 214 2179 tes
239 2147 414 2186 evaserint,
453 2146 656 2190 opinionibus
686 2151 719 2179 et
749 2146 978 2189 pronuntiatis,
1010 2155 1091 2189 quae
1120 2145 1329 2178 demonstrat*

1375 195 1393 220 ἴ
