1444 2322
173 41 259 70 xnlv
595 41 762 77 Conspectum
786 40 848 68 libri
866 40 913 68 tx.

309 149 355 178 ββ.
378 142 526 169 Difficultas
547 142 658 168 solvitur
679 140 781 168 ratione
802 140 894 168 habita
920 140 1082 168 diversarum
1105 141 1236 169 amicitiae
1264 151 1325 178 epe-

373 182 481 208 cieruiu.
505 183 530 213 §-
552 178 639 208 2—7.

352 230 375 247 a.
397 221 504 247 Amicos
526 221 603 246 utiles
631 225 657 246 et
681 219 816 253 jucundos
842 228 898 246 non
924 221 1022 247 multos
1048 220 1236 247 adsciscendos
1257 229 1326 252 esse,

400 261 461 295 quia
482 260 589 286 utilibus
612 261 720 286 nimiam
742 259 853 293 gratiam
875 259 972 286 referre
990 260 1234 294 ‹lebei·es,jueun‹li
1249 260 1326 296 pauci

400 300 542 331 sufiiciunt,
563 299 787 334 quemadmodum
809 299 836 325 in
857 299 923 326 eibis
945 300 1152 326 condimentum.
1176 301 1200 332 S.
1222 297 1250 327 2.

355 340 376 366 t=.
399 340 484 366 Veros
505 339 606 366 amieos
627 340 706 365 eti-nn
728 348 781 365 non
803 348 881 373 posse
902 340 1001 366 multos
1022 339 1180 375 comparari.
1198 341 1222 372 S.
1237 336 1325 368 3-6.

382 388 423 408 aa.
447 380 514 406 Fieri
536 388 589 405 nou
610 388 698 414 posse,
720 383 747 405 ut
769 379 828 414 quis
850 388 909 405 eum
931 381 1020 406 multis
1045 379 1115 406 vivat
1135 381 1220 415 iisque
1242 379 1326 406 omni-

446 420 495 445 bus
515 428 572 445 sese
594 419 673 445 dedat
694 425 772 454 atque
794 418 934 453 impertiat.
957 421 982 450 S.
1005 416 1031 447 3.

383 460 421 485 bb.
446 459 557 485 Dittieile
579 468 637 485 esse
658 460 756 484 multos
781 459 881 484 amicos
901 458 980 485 etiam
1002 459 1071 485 inter
1097 468 1125 486 se
1146 468 1195 486 usu
1215 463 1241 486 et
1263 468 1325 486 cou-

444 499 584 525 suetudine
605 499 673 524 vitae
694 498 850 532 coujunctos
870 507 936 525 esse.
960 500 985 530 §-
1007 496 1033 526 4.

381 547 412 564 (ι.
445 539 587 564 Communi
609 548 668 564 cum
693 539 783 564 multis
810 538 910 564 laetitia
937 538 1080 574 doloreque
1108 538 1191 571 affici,
1219 538 1324 565 difficile

443 587 509 610 esse,
530 583 559 604 ut
581 583 607 604 et
627 580 727 604 multos
748 578 916 604 veliementer
937 587 1033 604 amare.
1056 580 1080 610 S.
1106 577 1132 605 5.
1168 610 1174 613 μ

379 619 416 644 bb.
439 617 588 649 Amicitias,
610 627 676 652 quae
705 619 823 643 omnium
852 626 973 644 sermone
1001 618 1122 653 famaque
1149 617 1323 649 celebrantur,

444 658 512 684 intel·
533 657 600 683 duos
623 663 725 683 tantum
748 658 837 683 fuisse.
860 659 884 689 §-
907 656 933 684 6.

354 707 372 726 ι’.
400 698 430 724 In
458 697 526 723 civili
554 698 683 724 amicitiae
712 699 799 732 speeie
827 698 882 723 tieri
910 706 1003 732 posse,
1033 701 1061 723 ut
1089 696 1149 732 quis
1177 697 1211 723 sii
1233 697 1323 723 multis

400 737 506 764 amiens.
530 739 556 770 S.
577 735 594 764 7

273 785 300 814 β.
323 779 430 812 Caput
453 777 613 804 undecim
622 786 637 803 u
647 786 685 803 m:
708 777 801 803 Utrum
824 778 850 803 ia
872 777 950 803 rebus
971 777 1094 804 secundis
1116 778 1216 812 magis,
1243 784 1276 803 an
1297 775 1324 803 in

325 817 441 844 adversis
462 818 538 843 antici
559 826 627 852 opus
649 817 709 843 sint.

313 871 357 887 aa.
379 858 540 892 Proponitur
560 857 696 892 quaestio:
719 856 868 883 Amicitiam
881 858 906 883 in
929 857 1007 883 rebus
1019 857 1136 883 adversis
1148 856 1230 882 videri
1241 855 1326 891 magis

381 897 566 928 necessariam,
588 896 614 923 in
635 896 758 923 secundis
769 897 946 931 pulchriorem
967 902 1045 932 atque
1061 897 1248 924 honestiorem.
1261 898 1286 928 §-
1302 893 1326 923 1.

312 943 359 973 ββ.
382 937 496 962 Tollitur
517 936 662 962 dubitatio:
683 937 862 962 praesentiam
884 938 1028 963 amicorum
1049 946 1107 963 esse
1129 946 1174 971 pei·
1194 945 1222 963 se
1233 936 1327 970 jucun-

382 976 442 1002 dam
464 981 489 1002 et
511 975 538 1001 in
559 976 676 1002 adversis
697 980 722 1001 et
743 976 770 1001 in
791 976 914 1002 secundis
936 977 1022 1002 rebus.
1046 978 1073 1008 S.
1094 974 1181 1003 2—5.

355 1025 377 1042 a.
400 1016 440 1041 De
462 1016 612 1050 praesentia
633 1016 776 1041 amicorum
799 1016 824 1041 in
846 1016 925 1042 rebus
947 1016 1071 1042 adversis.
1094 1017 1118 1049 ξ.
1141 1013 1222 1042 2-4.

383 1063 422 1081 aa.
445 1055 536 1081 Levavi
571 1055 663 1081 dolore
691 1064 737 1081 eos
765 1056 808 1090 qui
837 1056 944 1088 dolent,
971 1056 1062 1082 amicis
1091 1064 1200 1090 aequam
1227 1055 1328 1081 doloris

445 1100 546 1129 partem
570 1095 723 1121 serentibus.
745 1096 768 1128 §.
790 1092 817 1122 2.

383 1135 421 1160 bb.
445 1135 597 1160 Amicorum
618 1141 795 1169 praenuntium
817 1134 926 1160 mixtam
947 1135 1081 1169 quandam
1096 1144 1154 1160 esse
1169 1135 1328 1169 minimeque

446 1174 601 1208 simplicem,
623 1184 692 1204 cum.
714 1174 763 1200 etsi
785 1175 846 1200 insit
869 1174 895 1200 in
917 1175 1002 1201 amico
1023 1174 1152 1209 quaedam
1176 1175 1213 1200 vis
1234 1183 1329 1200 conso-

446 1215 525 1245 landi,
548 1219 635 1240 tamen
658 1214 763 1246 sentire,
786 1214 897 1240 amioum
920 1223 996 1240 suum
1019 1215 1142 1240 molestia
1169 1224 1182 1240 e
1204 1214 1259 1240 suis
1287 1222 1329 1240 ea-

445 1253 518 1279 sibus
540 1254 656 1280 adversis
679 1254 756 1286 at'tici,
777 1263 856 1288 grave
878 1262 909 1279 ae
929 1255 1072 1280 molestum
1094 1255 1137 1280 sit.
1159 1255 1182 1288 ξ.
1203 1251 1290 1281 3-4.

354 1294 376 1319 [⁸.
400 1294 551 1320 Amicorum
581 1294 755 1328 praesentiam
784 1294 810 1320 in
838 1293 917 1320 rebus
946 1294 1068 1320 secundis
1097 1303 1201 1329 semper
1227 1303 1273 1328 per
1301 1302 1329 1319 se

396 1333 542 1366 jucundam
565 1343 631 1360 esse.
654 1335 676 1367 §.
699 1332 726 1365 5,
748 1334 764 1359 l.
789 1331 872 1361 Ῑ·-4.

314 1386 363 1407 ‘77-
387 1374 530 1407 Praecepta
550 1373 679 1408 quaedam
709 1373 874 1399 observanda
901 1382 964 1407 erga
991 1372 1091 1399 amieos
1119 1377 1177 1399 tum
1206 1373 1232 1398 iu
1267 1381 1329 1407 pro-

379 1414 462 1447 speris
485 1413 562 1439 rebus
585 1418 641 1439 tum
663 1413 690 1439 in
712 1413 836 1439 adversis.
861 1410 887 1447 ξ.
909 1410 995 1440 5-6.

354 1461 376 1479 u.
399 1453 506 1478 Amieos
536 1453 568 1478 ad
599 1462 639 1479 res
668 1453 797 1479 secundas
818 1453 913 1487 cupide
934 1452 1105 1487 studioseque
1127 1452 1270 1483 vocandos,
1292 1451 1324 1478 ad

381 1492 475 1518 dubias
490 1499 577 1519 autem
594 1498 619 1519 et
635 1493 758 1519 adversas
778 1493 931 1518 dubitanter
943 1502 974 1518 ac
989 1492 1088 1518 timide.
1107 1494 1132 1523 S.
1145 1491 1199 1524 5,1.
1219 1489 1324 1519 4—11.

355 1533 376 1558 [ι.
400 1532 438 1558 Ad
461 1541 516 1564 eos,
538 1541 604 1567 quos
626 1533 735 1559 adversa
755 1537 782 1559 et
803 1532 891 1567 iniqua
914 1533 1020 1558 fortuna
1040 1532 1151 1567 premit,
1179 1532 1273 1566 eupide
1302 1535 1328 1558 et

403 1573 472 1597 ultro
491 1573 606 1598 eundum
629 1582 697 1604 esse,
718 1581 767 1599 nec
788 1573 994 1607 exspectandum
1007 1572 1069 1598 dum
1091 1572 1208 1603 voceris;
1232 1571 1266 1597 ad
1287 1580 1328 1597 res

403 1612 546 1644 secundas,
581 1617 607 1638 ut
637 1613 663 1638 in
697 1612 776 1638 rebus
805 1612 914 1646 agendis
943 1612 1048 1645 adjutor
1075 1612 1126 1643 sis,
1155 1613 1276 1638 alacriter
1302 1615 1328 1637 et

401 1652 497 1677 cursim
520 1652 634 1678 eundum
657 1662 729 1678 esse:
752 1657 780 1678 ut
802 1660 863 1678 vero
888 1652 1044 1678 beneticium
1075 1652 1202 1686 accipias,
1235 1651 1328 1686 grada-

403 1691 449 1716 tim
472 1701 502 1716 ae
523 1692 693 1725 pedetentim.
717 1693 742 1724 ἓ.
765 1688 791 1719 6.

275 1742 302 1763 ¹7.
326 1729 437 1764 Caput
460 1731 475 1755 d
487 1731 646 1757 nodeeim
655 1741 670 1757 u
679 1741 717 1758 m:
741 1732 780 1758 De
802 1732 944 1766 praecipuo
969 1739 1076 1757 munere
1097 1730 1237 1757 amicitiae.

315 1782 360 1797 aa.
387 1770 462 1795 Vitae
484 1770 638 1796 soi-ierutzun
663 1772 688 1797 in
711 1771 826 1797 amicitia
849 1771 960 1799 maxime
985 1770 1097 1805 requiri,
1124 1772 1186 1805 quia
1214 1769 1328 1804 cujusvis

383 1810 419 1834 rei
449 1811 532 1842 grauia
559 1819 668 1844 ‹pusque
699 1812 784 1837 rivere
806 1815 930 1845 exoptat,
959 1810 984 1836 in
1013 1819 1043 1837 ea
1071 1811 1126 1836 vult
1153 1819 1212 1836 cum
1237 1811 1328 1836 amicis

384 1849 463 1874 vitani
487 1850 630 1875 triulueere.
653 1853 678 1882 §-
705 1848 787 1878 1—2.

315 1894 362 1921 ββ.
385 1888 414 1914 la
444 1888 574 1914 bonorum
611 1895 633 1914 et
664 1892 792 1916 nudorum
823 1889 938 1916 auiieitia
966 1890 1008 1920 id,
1036 1889 1107 1924 quod
1134 1894 1195 1915 sunt
1217 1888 1329 1923 utrique,

385 1928 541 1961 quotidiano
564 1929 722 1954 eoinniereio
746 1935 769 1955 et
793 1938 936 1963 congressu
959 1929 1120 1964 amplificari.
1143 1931 1168 1962 §-
1190 1925 1207 1955 3

176 1966 221 1992 111.
246 1967 286 1992 De
308 1968 444 2001 voluptate
467 1973 490 1993 et
514 1968 653 1994 felicitate:
677 1969 782 1995 Lilrer
805 1969 937 1995 decimu
948 1978 968 1995 s.

220 2003 243 2033 l.
267 2007 306 2032 l)e
330 2007 478 2041 voluptate:
499 2017 520 2033 c.
547 2006 629 2035 l—ss').

249 2056 271 2072 a.
295 2047 408 2080 Caput
430 2048 588 2081 primuni:
618 2047 657 2073 Ad
681 2049 806 2074 moralem
835 2049 1023 2083 philosophum
1052 2049 1181 2082 pertinere
1209 2047 1329 2073 couside-

300 2086 429 2111 ratiunem
453 2086 603 2121 voluptatis.

277 2137 302 2151 ιι.
327 2125 498 2159 Voluptatem
520 2135 577 2152 esse
598 2131 691 2153 nosti-0
718 2129 808 2161 generi
833 2127 1086 2161 conjunctissimum.
1108 2128 1133 2159 §-
1157 2124 1182 2158 l,
1203 2128 1220 2154 l.
1245 2125 1328 2158 1-4.
