1439 2342
178 50 253 90 m
452 54 633 81 Commentur.
654 53 688 81 nd
708 53 818 80 Aristot.
839 53 926 80 Euhie.
947 53 1051 80 Nicom.

179 162 329 195 mercium
353 161 413 200 (cs.
443 167 539 202 supra
562 160 600 199 V,
625 171 652 192 c.
677 161 708 200 5,
732 160 759 202 §-
785 160 837 194 11.
861 166 894 192 et
920 160 994 199 13),
1026 159 1078 203 qui
1107 164 1212 192 autem
1244 159 1333 202 prior

180 218 312 259 accepit,
337 217 394 248 fuit
417 216 570 258 indigens.

269 274 296 315 ξ.
317 268 367 306 11.
393 272 519 312 ἐνιαχοῦ)
545 271 690 304 Stnhrius
715 272 749 310 (l.
763 272 783 303 l.
796 283 827 314 p.
842 271 922 311 393)
947 284 985 304 ex
1008 273 1069 304 hoc
1091 272 1163 304 loco
1187 269 1332 313 colligere

183 339 279 372 posse
303 328 484 368 contendit,
509 328 713 360 Aristotelem
738 329 805 370 jam
836 328 980 367 πολιτείας
1004 336 1076 360 suas
1093 327 1332 369 conscripsisse,

181 385 296 426 ἐνιαχοῦ
311 389 416 416 tamen
432 395 494 416 non
509 384 576 415 vult
600 384 638 414 ad
663 393 790 426 graecas
803 385 945 416 civitates
962 385 1079 423 referri,
1103 384 1159 416 sed
1175 384 1332 426 fragmen-

179 447 245 473 tum
259 441 335 473 citat
346 440 469 473 Nicolai
487 440 679 472 Damasceni
700 437 763 480 περὶ
787 439 861 473 ἐθῶν
885 441 1084 472 disserentis:
1109 436 1189 485 παρ’-Ι
1203 436 1333 485 ἶξιζδοῖς

180 494 226 529 {dv
238 510 278 535 τις
295 493 492 541 ἆποστερηθῐ
513 495 621 528 δανείου
636 492 654 538 ἢ
667 493 927 538 παρακαταθήκης,
941 489 989 528 οὔκ
1003 496 1064 528 ἔστι
1079 484 1180 537 κριόἶιζ
1198 514 1237 521 —-
1252 484 1333 527 ἐκοιν-

179 553 245 584 σίων
261 552 454 595 συμβολαίων)
479 553 640 584 Vocantur
663 563 759 594 supra
786 553 839 591 (V,
863 564 889 584 c.
915 553 946 591 2,
970 553 995 594 ξ.
1026 552 1080 591 13)
1105 549 1332 594 συναλλάγματα

180 606 363 647 ἓκούσιοι,οἷόν
378 608 491 649 πρᾶσις,
506 605 570 651 ὠνὴ,
585 606 741 650 clavem-1135,
755 605 838 651 ἐγχύη
852 623 878 641 κ.
894 622 920 641 τ.
933 613 961 641 λ.
971 628 1014 632 -
1028 606 1128 649 οἴεται)
1142 609 1204 640 Pro
1217 605 1333 646 οἴονται,

179 666 280 707 (quod
306 666 424 697 Coraes
449 665 479 696 in
505 671 626 696 textum
652 665 798 706 recepit),
823 665 1041 697 subaudiendo
1066 678 1122 704 τις,
1149 670 1184 696 ut
1207 664 1334 706 saepius

173 723 240 763 jam
264 721 454 759 notavimus,
480 726 534 753 aut
558 722 666 753 lectori
688 722 862 753 notandum
880 722 1074 763 reliquimus,
1099 732 1146 752 ex.
1171 730 1215 762 gr.
1239 720 1333 761 paulo

179 783 252 809 ante
278 777 317 808 ad
343 776 516 809 ἐπίστευσεν.
549 777 747 809 Eustratius:
774 774 806 808 τὸ
834 776 922 809 οἴεται
946 775 1010 818 περὶ
1032 776 1083 808 τοῦ
1106 773 1190 818 νόμου
1212 774 1333 818 εἴρηται,

179 828 457 876 οἴεταιγοῖρῆνέμος
481 828 498 874 ἦ
523 829 535 864 ὃ
561 830 934 875 ιὀμοὲέτης.-”ἑκεῖστοι;)
960 833 1128 865 Commate
1153 838 1227 874 post
1252 832 1334 864 hanc

178 900 289 922 vocem
315 895 484 931 expuncto,
510 900 578 921 eam
601 889 708 931 potius
732 890 771 920 ad
797 889 926 929 φαίνεται
956 890 1081 921 reseras.
1107 907 1149 911 —
1174 886 1238 927 πρὶν
1261 885 1333 928 ἔχειν

180 945 272 987 ἐτίμα)
299 947 380 977 Nam
405 957 485 988 quae
511 945 690 987 possident,
715 956 775 977 usu
799 946 872 977 trita
896 951 929 977 et
958 945 1031 976 vilia
1061 945 1142 976 fiunt
1170 944 1332 975 hominum

179 1001 301 1041 animis,
326 1013 384 1034 nec
408 1013 516 1033 verum
541 1001 643 1033 rerum
668 1002 804 1043 pretium
829 1007 963 1040 norunt,
996 1001 1054 1033 nisi
1085 1001 1192 1042 inopia
1223 1006 1255 1032 et
1284 998 1332 1032 in-
1388 1027 1391 1030 ,

179 1058 317 1100 digentia
341 1058 516 1096 didicerint,
541 1064 692 1100 quantum
718 1059 853 1090 valeant.
900 1058 968 1090 Nec
999 1057 1229 1095 contradicunt,
1254 1067 1334 1098 quae

177 1114 274 1146 modo
304 1113 468 1156 proposita
499 1115 632 1152 fuerant,
658 1126 714 1146 sua
752 1125 1008 1156 unumquemque
1039 1114 1134 1156 pluris
1167 1113 1333 1145 aestimare

177 1181 271 1212 quam
295 1170 416 1208 valent3
440 1181 502 1201 non
528 1171 611 1201 enim
644 1170 828 1211 simpliciter
856 1171 917 1202 hoc
948 1170 1088 1202 accidere
1118 1170 1185 1200 vult
1207 1169 1331 1201 Aristo-

176 1226 256 1258 teles
281 1237 338 1257 nec
362 1225 464 1267 ipsum
491 1237 593 1257 rerum
619 1226 753 1267 pretium
780 1230 918 1258 statuere
950 1225 1144 1262 volentibus,
1176 1225 1231 1256 sed
1263 1230 1330 1256 tum
1387 1242 1399 1246 —

177 1283 305 1314 demum
338 1293 409 1313 cum
441 1293 498 1313 sua
522 1282 588 1314 aliis
619 1282 761 1313 tradituri
791 1282 893 1322 pretio
925 1282 1016 1313 nimis
1040 1281 1220 1313 extollendo
1243 1280 1332 1322 plura

176 1339 291 1370 referre
315 1338 456 1379 cupiunt.

267 1393 436 1425 ΟΑ1·.11.
484 1393 591 1426 Habes
628 1394 688 1426 hoc
728 1394 830 1436 capite
868 1393 957 1425 initia
991 1393 1110 1425 ethices
1146 1392 1332 1424 casuisticae

176 1450 234 1489 (sit
262 1451 352 1481 venia
383 1450 506 1490 verbo),
538 1462 630 1492 quam
657 1450 756 1482 Stoici
788 1456 820 1482 et
845 1450 1044 1482 Christianae
1068 1449 1226 1492 religionis
1251 1453 1332 1480 tem-

176 1506 305 1548 poribus
336 1507 447 1538 Patres
480 1507 649 1539 Societatis
673 1506 769 1545 Jesu,
795 1517 811 1538 e
835 1506 952 1538 nostris
976 1517 1050 1537 vero
1074 1505 1239 1537 novissimi
1263 1494 1332 1536 aevi

176 1562 374 1604 philosophis
405 1562 541 1594 Kantius
573 1566 605 1594 et
635 1563 777 1594 Fichtius
816 1562 952 1594 maxime
989 1561 1126 1604 amplexi
1164 1551 1269 1600 sunt3>
1291 1553 1331 1592 οῗ.

176 1629 281 1650 meum
315 1629 395 1660 opus
427 1620 543 1660 System
574 1620 602 1651 d.
627 1620 738 1660 philos.
771 1619 892 1658 Moral‚
916 1618 1002 1650 Libr.
1029 1616 1078 1656 lll,
1103 1617 1134 1655 2,
1159 1628 1185 1649 c.
1210 1617 1246 1649 2:
1271 1617 1333 1649 Die

175 1675 342 1711 Kamifflk,
367 1686 397 1715 p.
423 1674 595 1708 294-307.

265 1730 291 1771 ξ.
317 1730 348 1762 Δ.
396 1726 573 1770 ἀπαιτοῦντι)
601 1732 720 1763 Coraes
735 1742 773 1762 ex
787 1730 966 1762 Eustratio:
993 1726 1028 1760 τοὶ
1053 1726 1154 1770 λύτρα.
1175 1747 1217 1752 —-
1242 1726 1331 1770 δόξειε

176 1783 243 1826 γάρ)
269 1785 423 1817 Particula
447 1784 501 1826 γείρ
528 1787 639 1818 iterum
665 1788 716 1827 (ut
737 1798 831 1828 supra
856 1799 882 1818 c.
913 1787 938 1824 1,
953 1787 981 1827 ξ.
1000 1785 1034 1824 6)
1059 1785 1146 1816 alteri
1171 1785 1331 1827 quaestio-

177 1843 224 1873 nis
264 1841 406 1874 membro
443 1843 647 1874 affirmativae
679 1843 896 1885 responsionis
933 1843 994 1873 vim
1026 1841 1180 1883 impingit.
1212 1859 1254 1863 ——
1286 1837 1332 1872 τὸν

179 1897 300 1939 πατέρα)
334 1899 453 1930 Comes
483 1910 521 1930 ex
551 1899 730 1930 Eustratio:
757 1897 869 1930 ἑαυτοῦ.
894 1918 936 1924 —-·
962 1897 1074 1938 ἑαυτοῦ)
1100 1898 1141 1929 Se
1164 1899 1238 1938 ipso.
1264 1897 1331 1928 Eu·-

176 1954 320 1986 stratius:
352 1956 399 1985 δεῖ
415 1952 471 1995 γὰρ
495 1952 543 1986 καὶ
568 1954 671 1986 ἑαυτοῦ
698 1951 742 1985 τοι·
767 1954 878 1995 πατέρα
904 1953 1099 1996 προτιμῶσαι,
1116 1950 1202 1995 μήτοι
1225 1950 1261 1995 δὴ
1285 1949 1332 1984 τόν

176 2008 401 2053 λυτρωσάμενον.

266 2067 294 2107 ξ.
319 2068 348 2099 5.
390 2063 437 2108 τὴν
452 2067 546 2107 ἑτέρου
571 2064 772 2108 προϋπαρχήν)
794 2065 888 2107 ἑτέρου
910 2077 974 2098 om.
995 2067 1066 2105 Par,
1086 2065 1278 2098 Cardwellus
1298 2069 1331 2096 et

175 2121 337 2153 Bekkerus
346 2133 362 2154 e
372 2123 435 2154 suis
445 2122 605 2155 codicibus
613 2128 746 2164 excepto
756 2121 818 2154 Mb:
829 2133 885 2164 pro
894 2123 990 2163 ἑτέρου
1002 2123 1111 2165 legunt
1118 2120 1231 2162 ἑταίρου
1242 2121 1331 2160 Vtut,
