1439 2342
505 54 578 81 Libri
600 55 632 82 11.
676 54 742 90 cap.
764 55 822 82 vu.
1197 51 1246 85 89

86 163 169 205 quod
183 163 324 196 nondum
341 163 380 195 ad
394 164 516 206 singula
531 163 807 196 accommodatum
825 168 885 195 est.
918 162 953 194 Si
969 162 1015 194 sic
1031 162 1245 204 explicaveris,

85 219 225 251 firmabis
239 230 363 262 quoque
378 219 460 250 illius
474 219 536 251 loci
551 219 722 251 lectionem
738 215 940 259 ὑπερκείσθω
959 219 1044 260 quod
1059 217 1142 249 enim
1157 228 1244 249 com-

86 286 180 307 mune
200 280 232 306 et
246 275 372 317 vulgare
392 280 452 313 est,
475 285 540 306 non
553 275 620 316 jam
638 280 748 317 potest
767 286 838 307 esse
861 285 968 306 verum
992 274 1245 311 fundamentum,

86 331 142 362 sed
157 331 292 371 vulgaris
304 331 459 373 quaedam
472 331 731 372 praesumtio.—
744 327 789 362 ἐπὶ
804 327 910 362 τούτων
924 330 1092 372 συμφωνεῖν)
1109 330 1248 371 Oportet

85 396 247 418 sermones
271 397 344 418 cum
366 385 461 418 rebus
478 386 663 426 convenire;
688 387 882 418 conveniunt
901 391 1006 417 autem
1030 386 1056 416 οἱ
1080 382 1126 416 ἐπὶ
1148 384 1248 427 μέρους

85 439 166 482 λόγοι
189 453 261 474 cum
284 441 378 473 rebus
401 441 434 472 in
457 442 561 474 ethice
584 442 776 480 tractandis,
806 452 922 483 nempe
946 440 1139 479 actionibus,
1167 452 1246 483 quae

86 503 119 530 et
139 498 227 539 ipsae
251 497 332 529 circa
355 498 477 539 singula
499 503 681 529 versantur:
718 495 764 528 ἐπὶ
788 495 894 528 τούτων
918 497 1027 538 igitur,
1052 502 1087 527 ut
1110 507 1246 538 sequens

86 553 193 590 ταῦτα,
224 553 263 584 ad
294 551 330 584 τοὶ
359 553 436 586 aaz?
469 553 578 585 ἕκαστα
610 554 700 585 refer.
755 554 808 585 Sic
832 553 1076 594 paraphrastes:
1110 553 1163 583 τῶν
1191 549 1246 592 γάρ

87 607 150 649 περὶ
184 606 235 647 τοῖς
263 607 378 650 πράξεις
413 607 502 650 λόγων
534 610 559 641 οἵ
588 609 635 651 μὲν
666 607 821 642 machao}
855 606 1006 649 κοινότεροι
1041 606 1089 639 καὶ
1120 607 1245 640 πλείοσιν

87 662 306 706 ἐφαρμόζουσιν·
336 666 361 696 οἱ
385 665 415 696 ὁὲ
442 663 550 707 μερικοῖ
579 662 797 706 ἀληθινώτεροι·
828 660 877 697 εἴτε
908 662 956 696 &cci
987 664 1072 696 τοῦτο
1103 664 1248 704 προςεχιῖῗς

87 723 148 759 ταῖς
173 718 308 761 πράξεσιν
340 718 556 763 ἐφαρμόζοντες,
581 719 678 758 αἵτινες
702 718 745 752 oizi
770 721 794 752 ἐν
819 723 876 759 τοῖς
896 722 1018 763 μερικοΐζ
1047 719 1176 761 γίνονται·
1208 717 1247 758 οἷς

89 774 123 818 ὀὴ
147 779 269 819 μερικοῖς
300 777 325 807 οἶ
349 773 468 818 ἀληθεῖς
498 777 685 818 συμφωνοῦσι
708 774 798 817 λόγοι.
823 795 858 798 -
890 775 1068 817 ὃιαγραφῆς)
1100 773 1249 816 διαγραφή

88 833 260 875 explicatur
283 833 459 873 descriptio,
483 834 640 864 delineatio
664 833 835 871 virtutum,
867 843 947 874 quae
970 836 1084 874 postea
1106 832 1139 862 in
1162 831 1249 862 libris

89 888 293 930 sequentibus
319 888 496 930 diligentius
521 888 778 927 declarabuntur-3
811 884 960 929 (διαγραφή
986 892 1093 919 autem
1115 887 1194 918 haec
1216 887 1248 917 in

90 945 139 986 ξξ.
178 944 384 986 sequentibus
421 944 596 975 exhibetur.
658 945 750 976 Tunc
791 942 941 985 διαγραφή
976 947 1062 975 esset
1096 943 1179 973 idem
1214 953 1250 973 ac

92 997 256 1041 περιγραφή
278 1000 329 1031 vel
349 995 533 1037 ὗποτύπωσις
564 1000 618 1037 (cf.
644 1011 729 1041 supr.
755 1000 794 1031 ad
817 1000 846 1038 Ι,
872 1011 899 1031 c.
926 1000 962 1037 7,
988 999 1015 1040 ξ.
1042 998 1098 1038 16)
1120 1003 1153 1029 et
1174 994 1249 1029 ὑπο-

90 1053 191 1097 γραῲή
223 1056 464 1094 (adumbratio),
504 1066 564 1096 qua
603 1066 680 1087 voce
715 1056 747 1086 in
783 1055 894 1087 eadem
931 1054 1145 1095 disputatione
1174 1054 1249 1085 Eth.

90 1112 173 1144 Eud.
197 1111 235 1150 11,
260 1111 279 1143 3
304 1111 417 1148 utitur,
441 1110 495 1142 ubi
518 1116 550 1142 et
573 1112 643 1152 ipsa
667 1116 772 1142 exstat
795 1111 903 1142 tabula
925 1111 1072 1142 vitiorum
1096 1114 1129 1141 et
1149 1110 1250 1141 virtu-

90 1174 169 1200 tum.
216 1167 281 1199 Sed
310 1178 383 1199 cum
415 1166 507 1198 ταῦτα
544 1167 607 1198 sint
636 1178 686 1198 res
719 1167 875 1208 singulae,
912 1178 988 1208 quas
1014 1167 1082 1208 jam
1105 1170 1252 1197 recenset

90 1223 263 1266 praemissa
292 1223 429 1265 generali
460 1223 661 1261 definitione,
698 1220 847 1264 διαγραφή
882 1227 931 1254 est
959 1222 1066 1263 potius
1090 1221 1152 1253 hoc
1179 1222 1250 1253 loco

90 1279 197 1312 tabula
220 1279 290 1321 ipsa
314 1279 506 1321 singularum
523 1279 685 1311 virtutum.
722 1280 814 1312 Quae
838 1278 945 1310 tabula
967 1290 1039 1309 cum
1062 1278 1124 1309 hoc
1140 1283 1252 1309 nostro

90 1337 159 1368 loco
183 1346 247 1367 non
272 1340 431 1374 occurrat,
465 1335 675 1367 casaubonus
699 1335 838 1376 putavit,
868 1334 919 1366 hic
942 1334 1113 1365 desiderari
1142 1334 1253 1375 procul

90 1392 186 1424 dubio
202 1392 426 1423 Aristoteleam
451 1389 622 1433 ὁίαγραφήν,
646 1392 735 1434 cujus
760 1391 927 1432 explicatio
952 1390 1003 1428 sit,
1029 1389 1114 1431 quod
1138 1400 1253 1431 sequa-

90 1454 158 1480 tur:
194 1447 342 1479 amissam
371 1458 446 1479 vero
481 1445 643 1489 ὁιαγραφῆν
674 1459 770 1489 posse
799 1458 858 1478 nos
886 1457 1031 1487 reparare
1063 1457 1102 1477 ex
1129 1445 1252 1476 Ethicis

90 1504 265 1536 Eudemiis.
323 1504 550 1546 Paraphrastes
584 1504 688 1535 favere
722 1504 845 1535 videtur
882 1502 955 1534 huic
988 1501 1252 1543 interpretationi,

92 1572 163 1593 cum
187 1561 289 1592 dicat:
321 1557 482 1601 ληψόμεθα
506 1559 537 1591 ὁέ
560 1557 597 1591 τοὶ
622 1557 778 1601 ζητούμενα
803 1559 833 1590 ἐκ
856 1559 904 1599 τῆς
936 1557 1157 1599 ἐκτεὲεἴσης
1186 1559 1252 1588 δια-

90 1617 214 1657 γραφῆς.
260 1617 352 1647 Hanc
375 1615 516 1647 tabulam
541 1616 739 1657 Conspectui
762 1620 883 1653 nostro,
909 1625 1003 1656 quem
1025 1614 1108 1654 vide,
1132 1614 1252 1645 similli-

90 1684 176 1704 mam
199 1671 376 1703 Felicianus
401 1672 557 1713 exposuit.

181 1729 209 1770 ξ.
227 1729 258 1762 2.
292 1728 321 1759 Ε
346 1727 430 1759 vitiis
456 1727 611 1759 ambobus
635 1727 810 1759 fortitudini
826 1726 983 1768 oppositis
1006 1726 1254 1768 unumquodque

90 1790 122 1816 et
145 1795 295 1816 excessus
321 1790 353 1815 et
377 1784 519 1815 defectus
550 1788 616 1822 est,
646 1783 689 1814 ita
719 1788 756 1814 ut
782 1787 916 1825 quatuor
945 1782 1132 1814 vitiosorum
1162 1782 1254 1814 habi-

89 1846 179 1871 tuum
203 1839 269 1871 bini
284 1839 366 1871 inter
387 1851 421 1871 se
441 1840 577 1871 connexi
593 1839 686 1870 unius
702 1839 770 1871 w'tii
792 1839 935 1870 habitum
960 1838 1112 1870 efficiant:
1136 1849 1252 1880 nempe

89 1896 213 1938 ignavia
238 1901 287 1927 est
319 1907 468 1927 excessus
498 1895 619 1927 timoris
644 1900 677 1927 et
699 1896 840 1927 defectus
865 1895 1091 1934 confidentiae,
1123 1894 1252 1926 audacia

91 1957 197 1983 autem
222 1962 373 1983 excessus
398 1952 610 1983 confidentiae
633 1957 666 1983 et
684 1951 825 1983 defectus
849 1951 981 1982 timoris.
1020 1951 1121 1982 Aliter
1144 1955 1252 1981 tamen

89 2019 156 2040 rem
180 2008 206 2040 si
230 2008 429 2046 consideres,
460 2007 584 2049 ignavia
607 2012 657 2039 est
687 2008 871 2049 simpliciter
895 2008 1036 2038 defectus
1068 2012 1100 2038 et
1123 2006 1253 2038 audacia

90 2064 272 2105 simpliciter
296 2074 462 2103 excessus3
489 2064 618 2095 audacia
634 2064 718 2095 enim
735 2064 859 2096 excedit
875 2062 1103 2100 fortitudinem,
1127 2061 1253 2104 ignavia

1227 2117 1235 2129 N

88 2120 272 2152 fortitudine
303 2119 456 2151 deficitur.
505 2120 574 2152 Hoc
607 2120 762 2162 expressit
791 2119 1036 2160 Paraphrastes:
1073 2116 1120 2149 καὶ
1152 2118 1175 2148 ἓν
1206 2131 1249 2159 μεν,
