1439 2342
194 95 265 132 196
466 95 647 122 Commentnr.
669 93 703 121 nd
723 94 834 121 Aristot.
849 93 936 122 Ethic.
958 94 1062 122 Nicom.

194 204 338 236 Bekkero
369 202 543 235 secundum
579 213 672 245 quem
697 198 732 241 ὥς
755 213 835 234 corr.
859 202 891 234 in
915 201 972 235 Kb.
995 220 1040 226 —
1072 199 1120 234 τὸν
1143 197 1231 243 ὃρθόν
1253 198 1347 244 νόμον)

191 258 274 301 λόγον
303 270 361 301 pro
389 256 470 302 νόμον
493 259 549 298 Η,
573 257 631 298 Kb,
655 258 712 298 Ι),
735 257 794 298 Nb,
820 259 957 326 Cornea,
989 257 1184 292 Cardwellus
1207 262 1241 290 et
1262 256 1347 290 Bek-

191 315 295 348 kerus.

280 371 308 413 ᾧ.
331 370 361 403 3.
408 366 427 413 ἢ
408 367 506 413 ητὴν
540 367 637 409 πόλιν)
673 370 811 403 Michael
846 371 1023 413 Ephesius.
1064 369 1145 404 καθὸ
1180 366 1348 411 αἷφαιρειται

191 423 278 469 αυτὴν
307 439 468 469 στρατηγον
498 422 516 469 ἢ
544 424 724 468 στρατιώτην
754 421 774 468 ἢ
796 426 924 468 τεχνίτην
952 440 970 468 η
998 439 1057 458 τινα
1082 426 1218 458 τοιοῦτον.
1242 444 1286 449 -
1329 420 1348 468 ἦ

190 480 271 522 πόλις
294 485 411 525 ζημιοι)
435 483 679 525 Paraphrastes:
704 479 736 514 οὔ
758 495 813 523 γαρ
839 482 872 514 ἐῖἰ
895 480 1019 515 θάπτειν
1039 480 1072 515 τὸ
1096 495 1191 525 σωμα.
1224 481 1348 514 Eodem

190 539 287 571 modo
312 539 449 572 Michael
472 539 649 581 Ephesius:
674 535 708 570 τὸ
731 538 831 581 μηκέτι
852 541 1009 580 συγχωρεῖν
1034 539 1059 570 ἐν
1081 536 1206 581 μνήματι
1229 536 1348 580 τεθῆναι

190 590 208 638 ἢ
229 587 320 637 ἄλλην
342 592 404 628 τινα
427 592 560 637 τοιαύτην
583 593 729 637 τιμωρίαν.
777 595 897 627 Coraes
927 601 1033 627 tamen
1057 595 1248 627 Aeschinem
1272 594 1349 626 citat

191 647 296 693 (Κατὰ
320 654 453 694 Κτησιφ.
477 662 509 697 p.
530 650 622 691 636),
651 650 703 693 qui
726 650 827 693 legem
851 651 911 682 alia
934 656 1074 683 statuere
1097 650 1277 683 contendit:
1302 646 1348 681 ἐάν

189 720 230 747 τις
260 703 344 747 αὑτὸς
373 704 591 749 διαχρήσηται,
621 703 671 748 τὴν
693 708 778 748 χεῖρα
803 704 854 749 τὴν
882 707 969 739 τοῦτο
994 704 1146 749 πράξασαν
1176 703 1266 748 χωρὶς
1298 704 1350 737 τοῦ
1397 735 1406 742 ,

189 761 323 807 σώματος
345 761 506 806 θάπτομεν.

279 823 307 864 ξ.
332 821 363 854 4.
409 818 424 853 ὃ
448 819 529 864 μόνον
553 818 668 862 ἀδικῶν)
707 820 900 853 Scholiastes
925 819 995 852 Par.
1021 830 1070 861 ap.
1088 819 1221 851 Zellium
1247 830 1264 851 e
1283 819 1347 850 Mi-

190 878 298 911 chaele
323 878 466 920 Ephesio
497 883 530 910 et
552 877 763 919 Paraphraste
791 877 941 908 illustrat:
974 876 1148 918 πλεονέκτης.
1181 895 1226 900 -—
1270 872 1348 907 κατοὶ

189 931 305 976 ταύτην)
343 934 468 967 Eodem
492 933 590 966 modo
614 938 777 965 enarratur
800 944 818 964 a
841 932 1069 974 Paraphraste:
1094 929 1170 964 κατοὶ
1193 929 1243 974 τὴν
1265 945 1347 975 μερι-

189 987 248 1034 κὴν,
272 985 331 1033 ἥτις
355 988 429 1022 ἐστὶν
454 986 472 1032 ἡ
498 989 653 1031 πλεονεξία.

279 1047 306 1088 ζ).
332 1046 362 1079 5.
408 1043 457 1078 καὶ
480 1043 627 1087 πρότερον)
646 1057 689 1078 sc.
716 1043 749 1077 τό
774 1042 878 1077 ἀδικεῖν
903 1045 987 1076 ἔστιν.
1013 1063 1056 1068 —
1084 1041 1168 1084 αὐτὸς
1192 1044 1223 1076 δὲ
1247 1040 1346 1084 αὑτόν)

189 1114 234 1135 sc.
258 1099 371 1134 ἆὸικῶν.
418 1104 469 1135 De
492 1114 588 1134 sensu
620 1103 658 1134 cf.
684 1102 901 1144 Conspectum
926 1101 1112 1133 Etbicorum
1135 1101 1347 1133 Nicomache-

189 1170 291 1197 orum,
317 1170 410 1202 quem
434 1159 662 1191 commentario
685 1158 915 1199 praemisimus.

279 1215 307 1256 ξ.
332 1214 363 1247 6.
408 1211 484 1246 κατοὶ
507 1211 555 1246 τον
578 1211 738 1255 διορισμόν)
773 1214 898 1255 Nempe
923 1219 958 1245 ut
981 1213 1126 1245 distinxit
1141 1223 1235 1254 supra
1259 1215 1300 1252 (c.
1314 1212 1345 1251 9,

189 1272 216 1313 ξ.
237 1270 284 1310 6),
310 1276 425 1313 sponte
447 1271 606 1302 neminem
630 1270 740 1312 injuria
771 1270 868 1308 affici,
899 1269 956 1301 sed
987 1269 1067 1300 iaedi
1097 1280 1210 1310 posse,
1241 1269 1286 1301 sic
1315 1274 1348 1300 et

189 1338 224 1359 se
247 1327 351 1369 ipsum
376 1327 445 1369 quis
469 1327 593 1359 laedere
616 1331 734 1368 potest,
759 1337 822 1357 non
847 1336 922 1357 vero
945 1325 1057 1367 injuria
1081 1325 1214 1357 afficere.

278 1384 305 1425 ξ.
331 1385 361 1415 7.
408 1378 497 1423 ὥςπερ
520 1379 648 1423 ὑγιεινόν)
686 1381 739 1413 καί
762 1382 970 1424 praemittunt
992 1382 1070 1420 Par,
1096 1381 1291 1414 Cardwellus
1315 1386 1348 1413 et

191 1439 352 1472 Bekkerus
379 1450 454 1470 suos
471 1439 571 1471 secuti
587 1439 730 1477 codices;
755 1439 823 1470 Ven
847 1434 963 1479 ὑγιεινοῦ
985 1443 1017 1470 et
1035 1434 1178 1470 εὐεκτικοῧ
1200 1437 1347 1469 vitandae

189 1492 397 1534 dvauomvfin'ag
426 1496 535 1537 gratia.
590 1495 702 1528 Codex
731 1494 878 1527 Lambini
914 1494 1118 1536 perantiquus
1149 1493 1248 1525 habet
1277 1487 1346 1534 ἕπερ

191 1549 262 1592 ἔχει,
287 1545 376 1592 ὥςπερ
399 1547 512 1592 ὑγιεινὸν
535 1551 592 1594 μέν.
639 1552 732 1583 Unde
758 1551 934 1592 Giphanius
964 1549 1144 1582 emendavit
1167 1542 1236 1589 ἕπερ
1259 1545 1346 1591 ὑγιει-

189 1605 240 1639 νόν.
287 1608 351 1639 Sed
383 1613 487 1639 verte:
534 1608 577 1639 Et
604 1611 651 1639 est
677 1611 711 1639 ut
737 1618 843 1639 sanum
878 1610 931 1640 etc.
968 1627 1010 1632 -
1057 1602 1089 1638 οὗ
1118 1601 1173 1647 γάρ
1205 1600 1281 1637 ἅπαν
1312 1602 1346 1637 τὸ

190 1659 314 1695 ἑκούσιον
336 1661 408 1706 perc).
433 1660 558 1704 ἀδικίας)
595 1663 628 1695 ld
652 1664 810 1703 nimirum,
834 1663 918 1706 quod
942 1674 1006 1695 non
1030 1667 1080 1695 est
1102 1673 1140 1694 ex
1164 1662 1346 1704 proposito;

189 1719 228 1751 cf.
252 1730 348 1760 supra
372 1731 398 1751 c.
417 1720 448 1758 8,
469 1720 497 1761 ξ.
516 1719 546 1752 9.

279 1773 308 1819 ξ.
334 1775 363 1807 9.
410 1771 443 1806 τὸ
467 1771 636 1807 δεσποτικὲν
666 1770 685 1817 ἢ
714 1772 747 1806 τό
776 1771 956 1817 οἰκονομικόν)
993 1775 1064 1806 Hoc
1088 1785 1151 1806 non
1175 1779 1226 1806 est
1248 1770 1346 1814 οἷπλῶς

188 1830 255 1862 sive
278 1829 378 1871 κυρίως
402 1829 526 1869 ὸίκαιον,
559 1831 615 1862 sed
633 1831 756 1872 justum
783 1831 959 1873 quoddam,
984 1831 1022 1863 cf.
1047 1841 1142 1873 supra
1165 1841 1192 1862 c.
1211 1830 1241 1870 6,
1266 1829 1296 1876 ξ.
1313 1829 1344 1863 4.

189 1891 222 1918 et
245 1886 282 1926 93
316 1892 350 1918 et
379 1887 410 1918 in
442 1887 490 1918 his
514 1887 638 1929 juribus
663 1893 772 1929 potest
795 1888 879 1929 quod
904 1887 1062 1930 quaeritur
1085 1887 1243 1926 accidere,
1274 1886 1346 1930 quia

189 1952 297 1974 servus
329 1947 362 1974 et
391 1943 555 1981 dominus,
585 1943 666 1975 filius
699 1948 732 1975 et
760 1950 850 1985 pater
880 1955 952 1976 cum
982 1943 1155 1976 irrationali
1187 1949 1220 1975 et
1248 1943 1344 1975 ratio-

189 1998 251 2030 nali
275 1999 398 2030 animae
422 2004 511 2041 parte
535 2005 769 2041 comparantur.
792 2017 835 2022 —
864 1997 938 2032 ἔστιν
972 1999 998 2031 ἐν
1021 1996 1133 2038 τούτοις
1156 1996 1282 2040 πάσχειν
1303 2002 1343 2040 τι)

189 2054 214 2085 ἐν
238 2050 346 2093 τούτοις
371 2052 432 2087 ἔστι
457 2053 581 2097 ποία-χειν
604 2068 632 2087 τι
655 2056 732 2095 Par,
765 2056 958 2088 Cardwellus
989 2062 1022 2088 et
1043 2055 1209 2088 Bekkerus
1239 2055 1303 2088 suis
1327 2065 1345 2088 θ

187 2109 358 2142 codicibus.
