1439 2342
572 109 644 136 Libri
665 109 710 135 1x.
733 109 797 143 emp.
819 108 865 135 xi.
1199 105 1270 142 307

124 228 212 250 suam
222 217 378 259 interpres
385 228 515 259 graecus
525 230 532 249 :
542 219 650 258 χαίρει»
663 218 827 258 ,τρηπσιεῧι
834 231 879 250 ται
886 216 934 249 καὶ
948 217 1061 259 γελῶσι,
1076 215 1125 249 καὶ
1141 213 1176 256 ὡς
1190 216 1275 259 μηδέν

124 287 152 306 τι
175 271 301 315 λυπηρὸν
323 271 486 314 πάσχεντες
511 271 642 314 διείγευσι
667 275 806 316 pessimo
831 285 936 312 sensu,
961 280 997 306 ut
1019 280 1103 306 recte
1131 274 1276 306 Muretus

125 336 158 362 et
177 330 335 362 Victorius
359 330 520 368 viderunt;
546 336 730 372 sequeretur
754 331 855 368 enim,
886 342 976 369 eum,
1005 331 1057 372 qui
1081 330 1157 362 satis
1181 330 1277 361 durus

125 387 177 425 sit,
202 393 238 418 ut
261 386 432 418 amicorum
459 386 693 418 condolentium
719 387 910 418 moestitiam
928 398 992 418 non
1009 391 1107 425 curet,
1133 386 1277 425 tolerare,

125 453 160 475 se
184 453 310 474 causam
335 442 463 474 dolendi
487 443 594 474 amicis
619 443 737 474 afferre.
785 443 925 474 Tertiam
949 443 1018 474 iniit
1038 443 1191 474 rationem
1216 442 1277 474 Pa-

125 499 316 541 raphrastes,
342 510 434 541 quem
460 499 600 540 sequitur
625 500 766 531 Thomas
789 500 940 541 Aquinas,
964 504 1142 531 contortam
1166 497 1278 537 nimis3

126 555 242 597 quippe
266 552 315 595 τὴν
339 554 452 593 ἐκειίπευς
475 555 614 597 γενομένην
638 553 728 597 λύπην»
753 556 792 586 ad
816 552 959 599 ὑπερτείνῃ
990 556 1142 593 referens,
1173 554 1278 596 subje-

127 616 212 644 ctum
247 612 338 654 hujus
373 612 460 644 verbi
496 612 629 644 amicum
666 613 882 644 consolantem
927 623 997 643 esse
1037 612 1125 649 vult,
1168 616 1201 643 et
1239 611 1280 642 ad

126 663 265 710 ὑπομένει,
289 668 389 700 amico
414 668 535 699 infelice
560 674 709 710 tanquam
726 669 868 710 subjecto
882 669 997 710 posito,
1011 669 1139 710 supplet
1149 668 1280 699 κοινωνεῖν

128 726 185 763 τοῖς
217 723 310 764 φίλοις
341 724 395 755 τῶν
419 724 528 762 κακῶν,
557 725 618 756 hoc
650 736 761 756 sensu:
793 725 887 763 „Viri
920 726 1034 764 fortes,
1066 725 1126 756 nisi
1162 723 1280 755 amicus

100 823 103 825 Α
127 781 268 822 ipsorum
305 780 446 812 dolorem
471 792 528 812 suo
554 792 623 813 cum
648 781 778 812 minimo
809 782 916 812 dolore
940 781 1108 813 consolans
1133 790 1281 822 superare

128 837 247 878 possit,
279 836 391 868 nolunt
421 848 492 868 cum
524 848 561 869 eo
593 838 825 869 communicare
855 838 970 869 mala.“
1002 838 1073 869 Etsi
1104 836 1281 878 subjectum

129 898 285 925 mutatum
307 894 338 925 in
360 893 463 925 verbis
485 889 629 937 ὑπερτείιῃ
652 899 684 925 et
699 890 826 935 ὑπομένει
842 895 1001 926 offendere
1015 905 1074 925 nos
1090 904 1152 924 non
1176 892 1282 931 debet,

129 955 236 981 tamen
268 962 308 982 ne
337 950 420 982 hanc
452 950 579 992 quidem
616 951 908 992 interpretationem
942 950 1171 982 admittendam
1202 949 1284 981 arbi-

130 1011 205 1044 tror,
230 1007 347 1049 quippe
371 1018 441 1039 cum
465 1007 527 1039 hoc
551 1018 614 1039 non
639 1007 695 1038 viri
720 1007 808 1039 fortis
833 1008 891 1044 sit,
917 1012 948 1038 et
972 1012 1038 1038 tum
1064 1007 1183 1037 amicus
1207 1016 1283 1038 con-

129 1068 178 1094 tra
208 1063 407 1095 tolerantiam
437 1075 512 1105 prae
543 1074 577 1095 se
609 1064 698 1095 ferat.
747 1064 895 1095 Ceterum
925 1068 1053 1094 nostrae
1083 1061 1284 1103 explicationi

130 1120 280 1152 convenit
303 1120 413 1152 melius
438 1119 592 1161 γινομένην,
618 1120 702 1162 quod
732 1120 912 1157 Bekkerus‚
944 1120 1090 1150 hortante
1124 1119 1243 1156 Corae,
1267 1128 1284 1149 e

128 1175 291 1208 codicibus
323 1176 387 1208 suis
412 1181 545 1217 excepto
571 1175 617 1207 Ob
656 1176 823 1215 assumsit,
855 1176 973 1218 quippe
1010 1186 1081 1207 cum
1119 1175 1157 1206 de
1193 1173 1286 1206 amici

129 1233 239 1264 dolore
263 1233 505 1274 superveniente
541 1238 660 1274 agatur,
685 1244 756 1264 cum
773 1233 1001 1273 Paraphrastae
1023 1230 1286 1273 interpretationi,

131 1300 210 1331 quae
235 1290 274 1320 de
298 1290 406 1321 dolore
430 1289 561 1320 infelicis
585 1289 646 1330 jam
672 1289 790 1320 dudum
820 1293 889 1320 orto
915 1288 1076 1330 loquatur,
1106 1297 1285 1320 accommo-

131 1345 233 1377 datior
257 1346 298 1377 sit
327 1346 472 1377 aoristus.
527 1344 603 1376 Jure
640 1351 744 1376 autem
775 1345 900 1376 videtur
929 1344 1102 1376 editoribus
1133 1343 1287 1376 versionis

133 1402 309 1434 Garvianae
333 1402 385 1439 (Τ.
399 1401 435 1440 ΙΙ,
459 1413 490 1443 p.
517 1400 592 1439 570,
616 1404 696 1439 not.)
715 1401 900 1432 Aristoteles
925 1401 1088 1432 Socratem
1114 1406 1288 1442 spectasse,

133 1459 220 1500 cujus
244 1458 460 1489 fortitudinem
485 1464 515 1489 et
540 1457 739 1489 tolerantiam
771 1457 912 1488 Platonis
943 1458 1071 1488 Phaedo
1101 1462 1165 1488 tam
1195 1467 1287 1498 prae-

132 1514 214 1546 clare
239 1515 390 1556 depinxit,
416 1525 487 1546 cum
513 1520 617 1546 tamen
643 1525 681 1545 eo
709 1525 808 1555 usque
833 1514 1030 1546 constantiae
1054 1524 1118 1545 non
1142 1523 1288 1554 progres-

134 1582 187 1602 sus
211 1571 270 1609 sit,
300 1576 336 1602 ut
367 1571 472 1602 uxoris
496 1571 647 1612 gemitum
672 1570 904 1611 liberorumque
928 1570 1114 1611 adspectum
1150 1569 1290 1610 potuerit

134 1628 300 1659 sustinere.
348 1628 470 1669 Estque
500 1627 561 1658 hoc
592 1627 685 1658 etiam
718 1627 749 1657 in
778 1638 882 1665 causa,
907 1626 1094 1667 Argyropyli
1119 1636 1173 1657 cur
1197 1635 1289 1667 prae-

134 1684 231 1715 feram
256 1683 509 1725 explicationem,
534 1683 650 1725 quippe
681 1694 761 1724 quae
792 1689 825 1714 et
859 1682 1012 1724 imprimis
1039 1682 1124 1723 quod
1151 1682 1291 1723 sequitur

135 1739 276 1772 Socratis
299 1740 445 1781 exemplo
470 1740 634 1782 aptissime
659 1739 892 1771 accommodari
915 1739 1027 1780 possit.

223 1796 250 1837 ᾧ.
276 1797 306 1828 5.
353 1792 460 1835 αὐτοῦ)
491 1796 593 1827 Amici
617 1796 712 1827 felicis
739 1796 798 1833 (cf.
827 1796 896 1826 infr.
927 1795 953 1835 ξ.
985 1794 1036 1832 5).
1068 1812 1112 1817 —
1147 1788 1207 1831 ἅλις
1236 1789 1290 1833 ἐγὼ

136 1851 295 1893 ὁυςτυχῶν)
319 1852 548 1893 Paraphrastes
573 1851 648 1882 dicit
672 1847 685 1880 ὁ
709 1848 855 1891 τραγῳδός
887 1854 989 1891 φησιν,
1016 1849 1194 1881 Eustratius
1221 1859 1291 1879 ver-

137 1919 208 1940 sum
231 1909 270 1940 ad
290 1909 476 1950 Euripidem
501 1909 604 1940 refert.
652 1906 826 1948 Ambigunt
855 1907 1061 1947 interpreteS,
1092 1911 1197 1937 utrum
1220 1905 1290 1936 Ari-

138 1965 270 1996 stoteles
294 1965 485 2006 spectaverit
508 1965 612 1996 locum
637 1974 675 1995 ex
699 1963 859 2004 Euripidis
886 1963 1001 1994 Oreste
1026 1973 1054 1992 v.
1080 1961 1161 1995 239:

137 2020 143 2023 -
375 2029 456 2063 λέξεις
475 2040 497 2054 τι
517 2023 609 2060 mvivj.
628 2029 664 2053 κεί
685 2028 724 2053 αἐν
743 2022 777 2054 ει-
796 2021 870 2063 χάριν
890 2027 975 2060 φέρεις·

376 2077 397 2102 εἰ
416 2075 437 2102 δ’
457 2078 491 2107 εἰς
511 2070 608 2108 βλάβην
628 2073 680 2108 τιν’,
700 2070 757 2104 ἅλις
776 2073 826 2109 ἔχω
846 2070 887 2099 roi]
907 2072 1041 2109 δυςτυχεῖν,

142 2143 180 2164 an
204 2132 376 2173 tragoedia,
399 2133 484 2165 unde
507 2143 617 2166 versus
639 2132 690 2164 ille
715 2132 898 2173 depromtus
924 2135 989 2169 est,
1021 2128 1158 2171 perierit.
1207 2128 1295 2160 citat

1035 2229 1095 2256 20⁸
