1439 2342
478 42 553 71 Libri
572 43 606 71 11.
648 42 714 78 Cap.
736 43 795 71 vu.
1167 42 1215 79 87

146 152 174 192 ξ.
194 151 245 185 16.
284 147 391 193 οὐσίαν)
417 147 500 183 οὐσία
523 155 573 183 est
596 150 774 183 substantia
796 152 851 191 rei,
876 161 967 194 quae,
993 150 1067 192 quid
1092 150 1133 182 sit
1155 161 1215 191 res,

56 206 239 249 plenissime
253 207 378 247 definit3
403 217 498 249 quare
513 211 645 239 vocatur
661 207 755 239 etiam
779 203 906 249 ὁρισμός,
930 207 981 238 vel
996 205 1034 244 τί,
1058 207 1107 238 vel
1122 204 1215 248 λόγος,

56 263 107 294 vel
126 261 209 301 εἶδος,
234 274 326 305 quam
341 262 528 295 Scholastici
548 273 672 294 causam
684 264 851 304 formalem
867 267 1063 304 nuncupant.
1093 263 1217 295 Aristo-

54 318 133 350 teles
150 318 245 350 etiam
270 315 303 349 τὸ
319 316 350 349 τί
362 311 394 360 ἦν
416 316 485 349 εῖναι
501 318 587 356 dicit,
612 329 728 359 nempe
752 317 939 357 substantia,
964 329 1045 360 quae
1070 324 1130 357 est,
1155 319 1216 351 etsi

53 373 239 416 praeterita:
269 373 321 405 vel
351 374 470 413 forma,
499 384 548 405 ex.
579 384 624 415 gr.
648 374 753 413 floris,
783 384 863 416 quae
894 384 965 406 esse
995 385 1060 405 non
1088 374 1213 413 desinit,

55 429 115 462 etsi
137 429 169 460 in
193 429 313 461 semine
329 440 388 461 suo
407 430 475 471 jam
499 440 584 460 nunc
607 440 673 460 non
698 434 812 467 exstat,
836 429 893 460 sed
918 429 1039 460 exstitit
1062 434 1094 461 et
1111 430 1215 462 denuo

55 484 208 524 exstabit3
232 495 292 516 nos
320 485 495 517 diceremus
519 486 575 516 das
598 485 715 516 Icleelle.
734 503 775 508 —
799 481 846 515 τὸν
869 482 952 525 λόγον
975 481 1021 515 τᾶν
1045 484 1077 515 τί
1095 479 1126 526 ἦν
1150 485 1217 517 εἶναι

55 541 182 582 λέγοντα)
201 541 288 572 Male
304 541 469 573 Krischius
488 542 530 582 (p.
545 540 621 581 395)
638 540 819 572 Bekkerum
838 540 1005 582 vituperat,
1030 551 1068 572 ex
1084 539 1130 572 Kb
1153 552 1217 572 non

55 593 89 628 τὸ
110 596 192 628 inter
213 593 261 627 τὸν
285 602 317 628 et
332 595 365 628 τί
382 596 628 638 interposuisse3
653 596 775 627 articuli
795 596 878 627 enim
903 596 1006 628 locum
1031 596 1061 627 in
1083 597 1218 628 solemni

53 653 104 684 illa
129 653 279 695 loquendi
304 653 438 684 formula
462 657 575 684 tenent
596 651 693 684 verba
716 649 763 683 τὸν
786 649 869 692 λόγον
892 649 939 683 τὸν
962 651 1089 693 λέγοντα.

143 709 172 750 ξ.
197 709 250 741 17.
288 708 411 750 λέγεται)
434 709 483 740 Ita
503 710 701 749 appellantur,
725 718 841 748 nempe
865 709 1060 747 adulterium,
1073 709 1218 748 furtum,-

53 764 174 796 dixerat
196 765 280 797 enim
309 764 498 797 Aristoteles
531 764 626 805 paulo
661 763 823 804 superius,
858 763 935 804 ipsis
971 774 1080 794 eorum
1110 766 1214 795 nomi-

53 820 145 851 nibus
179 820 287 851 statim
320 820 431 851 vitium
458 820 652 861 implicatum
687 829 770 850 esse.
827 819 1055 859 paraphrastes
1090 820 1217 861 supplet

12 894 14 899 >
54 875 169 915 φαῦλαι
206 873 255 907 καὶ
290 873 385 907 πάντα
419 874 513 908 ταῦτα
548 872 580 906 οὗ
609 871 657 906 (incl
694 871 727 905 vti
761 871 950 914 ὑπερβάλλειν
983 871 1033 915 τὴν
1068 875 1093 905 ἐν
1121 872 1216 914 αὐτοῖς

5 1110 15 1130 ιε
0 1003 15 1096 ’ὮΑΚ

4 1167 17 1534 -μι-«ωι-νὶ-θ

10 1704 19 1969 ,μορ-’.Διπ--αωψω
11 1653 17 1692 -4-
10 1599 17 1636 .-2

53 929 201 973 μεσότητα
234 927 253 973 ἢ
288 930 422 964 ἐλλείπειν
456 928 544 973 αὐτῆς
584 931 684 970 φαῦλα
722 930 871 971 λέγονται,
911 927 989 962 ἀλλά
1023 926 1099 961 αὐτοὶ
1139 929 1214 964 καθ’

55 984 145 1019 {avi-ci
179 984 290 1028 πονηρά
325 986 403 1019 εἰσιν.
449 987 574 1018 Scindit
608 987 743 1024 nodum,
780 997 845 1017 non
882 986 976 1018 solvit
1010 985 1104 1017 lectio
1132 987 1217 1018 Bek—

54 1043 137 1081 keri,
161 1054 255 1085 quam
278 1042 402 1074 duobus
427 1047 551 1074 tantum
575 1053 593 1074 e
617 1042 780 1074 codicibus
806 1042 884 1082 (H‘¹‚
909 1040 978 1081 Mb)
1003 1041 1101 1073 eruit:
1131 1042 1218 1083 ψέγε-

54 1111 112 1130 ται.
164 1099 230 1131 Sed
260 1098 373 1139 λέγεται
403 1098 488 1140 apud
517 1098 724 1130 Aristotelem
754 1102 804 1129 est
831 1108 894 1129 vox
923 1097 1073 1129 solemnis
1105 1098 1144 1129 de
1167 1098 1216 1137 iis,

54 1166 134 1197 quae
168 1155 208 1187 de
246 1154 389 1197 subjecto
420 1153 524 1195 logico
564 1154 805 1195 praedicantur,
842 1158 879 1184 ut
911 1152 1034 1184 notavit
1068 1153 1218 1194 Hegelius

54 1211 244 1249 (Geschz'chte
267 1211 321 1242 der
342 1211 421 1242 Phil.
445 1211 485 1242 T.
501 1210 538 1248 ΙΙ,
561 1220 593 1251 p.
620 1209 712 1248 358),
737 1209 790 1251 qui
813 1205 851 1240 τοὶ
874 1205 1008 1250 λεγόμενα
1032 1209 1159 1250 (Categ.
1179 1210 1215 1251 2)

57 1267 178 1308 optime
193 1266 306 1298 vertit:
331 1267 491 1298 bestimmte
505 1266 650 1307 Beyrffi.
685 1265 794 1307 Itaque
818 1264 850 1296 in
870 1264 999 1296 crimine
1021 1264 1105 1303 furti,
1130 1265 1218 1297 adul-

54 1322 137 1361 terii,
161 1322 319 1364 parricidii
340 1322 549 1354 determinata
571 1322 661 1353 notio
684 1321 778 1363 hujus
801 1320 939 1353 criminis
964 1331 1028 1351 non
1053 1332 1092 1352 ex
1115 1321 1219 1363 aliquo

55 1390 189 1412 excessu
213 1383 268 1410 aut
288 1378 414 1410 defectu
436 1378 650 1420 progignitur,
678 1378 735 1410 sed
759 1387 798 1409 ex
822 1387 878 1415 eo,
904 1376 989 1418 quod
1011 1376 1082 1417 ipsa
1103 1387 1160 1418 per
1185 1388 1219 1408 se

55 1435 119 1467 sint
140 1435 234 1466 mala.
257 1455 301 1460 —
332 1430 376 1466 αἰεὶ
405 1430 591 1477 ἁμαρτάνειν)
625 1433 683 1466 αἰεί
705 1444 764 1476 pro
793 1429 841 1465 ἆεί
859 1433 938 1471 Par,
967 1437 1003 1463 ut
1021 1432 1138 1464 Zellius
1162 1444 1217 1464 ex-

54 1491 174 1534 pressis
197 1491 302 1523 verbis
324 1491 463 1530 notavit3
486 1490 558 1522 vide
583 1501 671 1531 supr.
696 1490 737 1521 ad
760 1489 790 1528 Ι,
815 1500 842 1520 c.
868 1489 905 1527 7,
931 1488 958 1529 ξ.
983 1488 1014 1520 4.

145 1547 174 1589 ξ.
195 1547 247 1579 18.
286 1544 347 1579 οὔὸ’
374 1544 436 1578 ἔστι
450 1543 485 1577 τὸ
504 1539 544 1586 εἶ)
569 1546 702 1577 Furtum
720 1550 770 1577 est
794 1555 852 1587 per
875 1555 909 1575 se
925 1544 1029 1585 ipsum
1052 1555 1219 1584 excessus;

54 1608 105 1635 est
134 1603 219 1635 enim
248 1613 361 1644 capere
389 1603 557 1644 pecuniam
587 1602 719 1634 aliamve
748 1612 838 1639 rem,
868 1599 1032 1642 quomodo
1057 1605 1090 1632 et
1114 1611 1132 1632 a
1156 1612 1218 1643 quo

56 1670 120 1691 non
145 1663 283 1701 oportet.

145 1715 174 1757 ξ.
193 1715 248 1749 20.
295 1706 391 1755 ἄκρον)
417 1706 509 1754 ἄκρων
531 1714 611 1752 Par,
633 1712 698 1752 Mb,
721 1712 780 1745 Nb.
812 1704 918 1753 ’‘Aupov
940 1711 1025 1742 idem
1048 1716 1108 1750 est,
1133 1713 1218 1753 quod

56 1782 152 1813 supra
175 1772 204 1813 ξ.
230 1771 282 1805 16.
307 1770 434 1802 vocavit
456 1766 590 1811 ἀκρότης,
614 1766 653 1801 τοὶ
676 1761 752 1810 ἶῖκρα
773 1773 882 1800 essent
906 1768 953 1809 (ut
972 1767 1000 1808 ᾧ.
1019 1768 1051 1808 5)
1077 1772 1218 1799 extrema

56 1828 197 1860 defectus
221 1832 254 1859 et
276 1837 438 1859 excessus·
469 1818 584 1866 ’‘Anpwv
607 1826 670 1857 hoc
689 1826 761 1857 loco
785 1824 857 1856 ferri
879 1835 945 1855 non
961 1828 1090 1865 potest:
1115 1823 1217 1864 primo

57 1884 129 1925 quia
159 1883 297 1915 medium
329 1894 395 1914 non
425 1887 475 1914 est
498 1882 713 1924 quodammodo
740 1886 971 1918 extremorum,
1003 1879 1117 1911 deinde
1147 1879 1219 1921 quia

57 1946 124 1971 tum
148 1940 225 1971 haec
249 1939 345 1970 verba
370 1951 451 1977 non,
481 1944 516 1970 ut
540 1938 675 1977 debent,
707 1937 789 1969 ratio
813 1941 937 1975 essent,
968 1946 1023 1967 cur
1050 1934 1217 1967 mediocri-

57 1996 130 2028 tatis
155 2007 220 2026 non
246 1995 350 2036 possit
374 2006 444 2027 esse
468 2006 627 2026 excessus.

147 2050 247 2083 CAP.
279 2051 354 2082 Vll.
402 2052 431 2092 ξ.
457 2051 487 2084 1.
534 2051 633 2092 (Cap.
664 2050 748 2090 VII.)
794 2046 963 2087 κοινότερα)
996 2047 1049 2078 Sic
1080 2046 1219 2088 plerique

58 2108 219 2140 codicum:
244 2109 272 2140 A
295 2106 373 2148 (Lb),
398 2109 424 2140 B
450 2106 674 2149 (superscripto
699 2120 710 2138 ε
736 2106 836 2148 prima
860 2106 981 2142 manu),
1009 2103 1046 2141 C,
1071 2103 1121 2141 El,
1145 2102 1218 2142 Nc,
