1439 2342
476 55 549 83 Libri
571 57 589 83 1.
632 57 696 92 cap.
716 56 752 82 v1
774 56 840 89 (ιν).
1190 52 1235 88 41

83 164 214 196 stoteles
238 163 421 206 opinionem
445 162 644 202 subvertere,
676 164 771 196 etiam
794 168 830 195 ut
853 173 1041 195 concessum
1073 162 1239 194 admittere

84 219 188 253 debet.

173 276 201 317 ᾧ.
227 276 257 307 7.
304 275 329 305 ἐν
353 275 389 318 τῇ
412 274 465 305 τῶν
489 269 608 314 ἀγαθῶν
632 274 789 316 συστοιχίᾳ
813 271 846 305 τὸ
871 272 906 314 ἕν)
931 273 1099 306 Ponebant
1119 275 1239 316 Pytha-

83 331 170 373 gorei
193 331 304 362 decem
334 329 488 371 principia
518 340 582 361 uno
614 330 644 360 in
669 330 797 367 ordine,
820 329 852 361 in
877 330 975 361 altero
1000 335 1105 362 autem
1130 330 1240 362 decem

83 397 193 419 eorum
216 384 380 427 opposita3
403 390 536 426 uterque
560 385 638 416 ordo
662 384 820 425 συστοιχία
845 386 973 416 alterius
996 386 1185 423 vocabatur,
1209 392 1241 417 et

84 442 123 474 ab
145 440 316 473 Aristotele
343 440 551 505 (Metaph.1,
577 441 608 480 5)
634 441 679 472 sic
702 441 905 482 proponitur:
932 441 1018 480 πέρας
1041 455 1089 472 και
1115 434 1227 473 ἔπειρε
1219 465 1240 479 ,

83 510 213 537 περιττον
236 509 283 528 και
308 508 419 536 αρτιον,
443 493 468 527 ἐν
491 509 540 527 και
563 496 694 537 πληζος,
718 493 806 537 δεξιον
829 509 877 527 και
902 493 1002 536 ἄριστε
1003 494 1061 536 ρόι,
1086 509 1162 536 αροε
1192 510 1241 528 και

82 554 178 595 θῆλυ,
208 549 326 594 ἧρεμουν
349 565 397 583 και
419 565 588 594 κινευμενον,
620 548 689 584 §viru
712 565 761 583 και
784 549 950 594 καμπυλον,
975 552 1034 592 φως
1058 549 1106 583 nai
1130 550 1241 590 σκότος,

84 605 196 650 ἀγαθὸν
219 605 266 639 καὶ
290 605 386 645 κακὸν,
412 605 583 648 τετράγωιεν
606 605 654 639 καὶ
680 605 856 649 ἑτερόμηκες.
891 608 1027 649 Propius
1045 613 1150 640 autem
1166 619 1241 640 vero

83 664 205 697 accedit
220 664 327 705 opinio
343 664 624 705 Pythagoreorum,
649 664 734 706 quod
749 664 852 695 ideam
872 663 949 696 boni
971 675 1035 695 non
1053 663 1243 695 abstractam

84 733 103 753 a
133 720 246 752 ceteris
276 719 423 751 omnibus
461 720 625 751 elementis
660 720 726 751 sive
763 720 924 761 principiis
957 731 1028 751 esse
1064 720 1242 757 voluerunt,

85 777 141 809 sed
157 789 228 809 cum
244 776 303 807 illis
328 777 542 817 conjunctam,
565 781 689 816 utpote,
707 775 733 807 si
750 776 910 807 Graecum
932 776 978 806 ita
999 775 1080 806 verti
1096 776 1181 813 licet,
1205 775 1242 806 iis

84 831 300 863 mordinatam.
347 832 511 863 Unitatem
541 843 617 863 sane
641 832 832 873 Pythagorei
862 836 894 862 et
917 831 979 872 ipsi
1004 842 1062 862 suo
1087 831 1126 862 de
1157 831 1242 862 bono

84 886 324 928 praedicabant:
352 899 451 918 unum
476 887 559 918 enim
584 893 633 919 est
662 899 693 918 in
717 888 832 918 eodem
855 887 981 926 ordine,
1012 898 1074 928 quo
1104 886 1241 918 bonum:

86 942 142 974 sed
164 942 283 974 bonum
300 944 338 975 iis
362 954 427 974 non
451 955 514 975 una
537 949 604 974 erat
628 943 805 975 eommunis
829 943 899 975 idea
923 953 1066 974 seorsum
1083 954 1100 973 a
1115 943 1242 984 reliquis

85 997 178 1029 bonis
210 1009 267 1039 per
297 1010 331 1030 se
361 999 516 1037 existens,
547 1011 618 1031 cum
643 999 750 1030 omnia
775 999 915 1040 ejusdem
946 999 1063 1029 ordinis
1091 998 1243 1040 principia

86 1054 125 1084 ad
149 1054 269 1085 bonum
292 1055 496 1095 pertinerent.
534 1056 620 1088 Quin
641 1056 769 1086 omnino
793 1055 946 1097 principia
960 1055 1152 1096 Pythagorei
1167 1066 1244 1091 non,

87 1116 122 1141 ut
150 1110 259 1148 Plato,
292 1122 310 1141 a
340 1111 507 1142 sensilibus
543 1111 638 1142 rebus
668 1116 813 1152 separata
850 1115 1045 1148 statuerunt,
1080 1111 1137 1141 sed
1166 1110 1244 1151 ipsis

87 1166 192 1197 inesse
211 1166 365 1207 (Metaph.
381 1166 404 1204 Ι,
419 1166 461 1206 6).
496 1168 622 1198 Bonum
643 1167 737 1208 igitur
755 1166 929 1198 secundum
942 1167 1160 1207 Pythagoreos
1180 1176 1245 1196 non

87 1226 211 1252 tantum
235 1233 332 1253 unum
356 1228 421 1260 est,
451 1223 507 1254 sed
531 1228 598 1253 tum
622 1222 750 1254 demum
774 1222 893 1253 bonum
918 1222 1042 1259 existit,
1067 1233 1139 1253 cum
1163 1222 1245 1252 mul-

89 1283 192 1309 torum
215 1283 318 1309 exstat
338 1278 454 1316 unitas.
479 1278 713 1309 multitudinem
737 1278 777 1309 ad
801 1289 835 1309 se
858 1278 1012 1309 reducens
1035 1288 1139 1319 neque
1159 1282 1246 1308 extra

89 1334 188 1364 multa
225 1334 339 1375 posita.
398 1334 579 1365 Antehabet
616 1334 709 1375 igitur
746 1334 934 1365 Aristoteles
973 1334 1246 1375 Pythagoreorum

89 1389 270 1431 opinionem
295 1389 437 1430 opinioni
458 1389 619 1427 Platonis,
651 1389 724 1431 quia
747 1389 942 1421 reducebant
966 1389 1074 1420 omnia
1096 1389 1180 1420 bona
1206 1389 1246 1419 ad

88 1456 184 1476 unuin
200 1444 329 1483 bonum,
347 1446 431 1487 quod
448 1451 497 1477 est
512 1446 544 1476 in
559 1445 654 1477 rebus
668 1446 822 1477 internos
840 1445 1050 1483 versantibus,
1077 1450 1108 1476 et
1124 1456 1188 1476 non
1207 1445 1247 1475 ad

88 1512 187 1532 unum
211 1500 330 1532 bonum
355 1508 535 1542 separatum
560 1513 578 1532 a
601 1501 704 1540 nobis,
728 1512 808 1542 quae
825 1507 874 1532 est
892 1501 962 1532 idea
985 1501 1071 1531 boni.
1093 1519 1129 1524 -
1148 1498 1247 1531 Σπεύ-

90 1558 206 1596 σιππες)
232 1557 326 1598 Diog.
344 1557 490 1589 Laertius
509 1558 557 1597 (V,
576 1557 603 1597 ξ.
618 1558 674 1593 25)
692 1557 898 1587 Aristotelem
924 1557 1112 1597 singularem
1134 1556 1248 1587 librum

90 1613 130 1644 de
153 1612 333 1653 Speusippo
364 1613 527 1654 scripsisse
557 1613 701 1643 affirmat.
748 1612 903 1644 Doctrina
935 1612 1121 1653 Speusippi,
1153 1623 1247 1653 quam

89 1668 233 1700 hocloco
250 1668 388 1708 respicit,
414 1668 580 1733 exponitur
595 1668 626 1699 in
642 1668 787 1709 &Ietaph
805 1667 871 1705 VII,
885 1669 922 1700 2:
947 1671 1009 1698 Σπε
1012 1664 1183 1704 ύσιππσςόε
1200 1680 1247 1698 και

92 1716 139 1764 (ῳε
142 1724 185 1763 το)
204 1728 256 1755 πλε
248 1723 282 1754 εἐι
288 1736 314 1761 υ,
332 1736 428 1761 ουσιας
445 1720 503 1754 εἶπα
521 1722 572 1755 τσῧ
595 1720 649 1762 ἕως
666 1720 818 1765 εἶρξαμενος
833 1736 882 1754 και
906 1720 1000 1763 ἄρχεις
1017 1720 1139 1763 ἑκάστης
1153 1736 1174 1753 c
1172 1719 1249 1759 ἶσιας

91 1772 180 1820 αλλη
203 1793 236 1820 με
240 1793 251 1810 ν
275 1776 405 1820 αριὲμῶι
413 1803 421 1816 ,
446 1771 534 1821 αλλην
559 1779 589 1810 <Se
609 1793 641 1821 με
644 1792 672 1820 7
663 1779 746 1817 εὲὤν,
767 1777 863 1810 ἔπειτα
887 1779 994 1819 ψἰχνς·
1019 1792 1065 1810 και
1090 1780 1159 1810 τσῧτ
1177 1776 1247 1809 νόν

91 1832 138 1866 τὸν
162 1832 271 1875 πρόπαν
295 1834 439 1866 ἐπεκτείνει
463 1833 515 1873 τὰς
539 1832 645 1873 οὖα-ἵεις.
675 1835 750 1873 ΧΠ,
776 1837 805 1868 7.
846 1830 908 1866 ὅσοι
933 1834 963 1866 ὁὶ
987 1831 1248 1876 ziz-rekafffiofmzvu.

92 1885 180 1930 ὥςπερ
213 1891 238 1921 οἱ
269 1888 466 1932 Πυθαγόρειοι
495 1889 544 1922 καὶ
573 1888 777 1929 Σπεύσιππος,
808 1887 841 1921 τε)
869 1887 1025 1922 κάλλιπεν
1056 1889 1103 1922 καὶ
1132 1882 1241 1929 citiore*

91 1943 131 1988 μὴ
156 1947 179 1977 ἐν
204 1943 284 1989 ἆρχῇ
308 1946 391 1984 εἶναι,
421 1944 469 1978 &ui
492 1944 525 1978 τὸ
549 1945 598 1978 καὶ
621 1947 674 1978 τῶν
698 1946 792 1986 φυτῶν
822 1944 870 1978 καὶ
894 1947 948 1978 τῶν
980 1943 1056 1988 ζῴων
1080 1944 1130 1984 ταῖς
1154 1943 1248 1985 ἀρχάς

93 2000 173 2033 αἴτια
195 2001 243 2044 μὲν
267 2001 352 2041 εἶναι,
376 1999 409 2033 τὸ
434 2002 465 2033 δὲ
488 2000 574 2034 καλέν
597 2000 646 2034 καὶ
669 2002 771 2035 τέλειον
796 2003 820 2034 ἐν
844 2005 901 2041 τιῑΐ,ι
926 2003 954 2033 ἐκ
979 1999 1093 2039 τούτω,
1117 2016 1144 2032 κ.
1170 2014 1196 2032 τ.
1220 2006 1248 2033 λ.

92 2059 218 2099 Nempe
241 2057 360 2089 bonum
377 2058 557 2101 Speusippo
580 2070 645 2090 non
660 2064 784 2091 tantum
808 2070 906 2090 unum
930 2058 1123 2090 abstractum
1146 2067 1249 2099 neque

93 2114 124 2144 in
158 2113 246 2145 initio
276 2119 326 2145 est
356 2119 430 2146 ante
464 2115 580 2154 multa,
615 2115 672 2147 sed
701 2115 783 2147 finis.
812 2134 855 2138 —
888 2112 948 2153 περὶ
980 2113 1027 2155 μὲν
1057 2107 1102 2145 οὖν
1132 2110 1247 2153 τούτων)
