1439 2342
135 36 205 74 172
406 37 586 65 Commenta.
606 37 642 63 nd
661 36 770 64 Arintot.
790 36 877 64 Echio.
898 36 1003 63 Nicon.

133 159 197 180 non
220 145 370 185 habetur3
393 144 511 176 crimen
526 153 602 176 vero
619 143 724 186 ipsum
744 144 846 186 majus
863 148 924 182 est,
947 143 975 175 si
990 143 1060 186 quis
1078 143 1284 186 magistratui,

134 214 227 246 quam
250 202 277 234 si
299 201 440 242 privato,
463 199 604 232 attulerit
625 198 766 232 verbera.

222 258 250 298 ξ.
275 257 306 290 6.
345 254 470 295 συνέχει)
494 266 539 287 sc.
563 254 684 297 πρᾶγμοι
707 255 758 287 vel
780 252 863 288 πόλιν
885 255 935 287 vel
957 254 1105 287 κοινωνίαν.
1121 272 1165 278 -
1188 249 1208 295 ἢ
1228 252 1283 295 γὰρ

135 312 166 345 τὸ
188 311 280 350 κακῶς
306 310 453 353 ζητοῦσιν)
484 310 621 343 Michael
643 310 819 352 Ephesius:
854 305 874 352 ἣ
895 307 951 351 γάρ
982 307 1046 348 τοὺς
1075 309 1168 349 κακῶς
1198 309 1284 351 ποιή-

135 382 237 407 σαντας
261 366 391 409 ζητοῦσιν
415 367 441 398 οἱ
462 366 556 404 κακῶς
579 364 753 404 πεπονθότες
777 362 853 397 κακοὶ
877 362 1054 398 ἀντιπαθεῖν.

223 424 250 464 ξ.
287 424 316 456 7.
372 419 494 463 χάριτος
528 420 620 462 ἴδιον)
658 420 727 454 ἴδιον
764 419 886 462 χάριτος
920 421 1100 459 Bekkerus‚
1138 421 1285 453 Eudemo

135 480 309 522 ueterisque
330 477 555 520 pugnantibus.

220 536 249 576 ξ.
273 535 305 569 8.
352 531 384 566 τὸ
415 533 514 566 ἐκείνου
546 532 640 575 ἔργον)
667 534 718 565 τοῦ
749 533 848 565 ἐκείνου
875 532 957 574 ἔργου
981 534 1037 573 Η”,
1061 531 1118 572 Kb,
1149 531 1204 573 Li»,
1228 531 1285 570 Νὴ,

135 592 193 630 Ob,
216 591 294 629 Ald,
317 591 404 629 Ven,
437 590 574 628 Coraes,
606 589 798 622 Cardwellus
821 595 854 621 et
874 589 1050 621 Bekkerus.
1096 589 1170 621 Non
1194 589 1286 628 male,

137 658 233 679 sensu
260 646 424 689 partitiv03
453 646 525 678 vide
554 645 624 678 infr.
648 645 688 677 ad
717 645 744 686 ξ.
772 645 822 678 13.
849 663 888 669 -
920 642 954 676 τὸ
978 641 1086 685 αὐτοῦ)
1120 644 1171 676 τοῦ
1199 641 1287 676 αὐτοῦ

135 704 224 742 Eud,
258 703 344 742 Ven;
379 702 431 734 τοῦ
464 697 552 733 αὑτοῦ
582 701 719 740 Coraes3
755 699 788 732 τὸ
825 697 913 732 αὑτοῦ
942 701 1075 740 Duvass,
1108 700 1286 740 Turnebus,

135 759 366 797 Wilkinsonus,
388 758 568 797 Bekkerus3
591 757 622 789 in
646 758 708 789 Par
729 754 765 788 τό
783 756 1031 799 superscriptum
1054 756 1150 788 habet
1172 756 1232 788 τοῦ.
1245 774 1286 779 -

137 815 246 854 πρῶτον
268 807 297 858 ᾗ)
324 815 407 847 Cum
423 814 536 845 domus
560 813 665 845 calceo
688 824 752 844 non
776 813 818 844 sit
840 813 978 855 aequalis
1000 813 1135 854 ideoque
1153 812 1288 844 artifices

137 870 196 902 sibi
218 881 281 902 non
306 870 370 902 sint
385 869 542 912 aequaleS,
567 874 696 911 oportet
713 869 867 901 artificum
891 879 988 910 opera
1003 869 1069 907 (vel
1086 868 1287 909 dignitatem)

136 927 342 969 proportione
364 925 556 968 geometrica
578 926 734 968 disjuncta
757 925 923 967 exaequari
942 922 985 965 (τό
1006 919 1086 955 κατά
1109 921 1157 964 τὴν
1181 921 1287 955 ἀναλο-

137 982 198 1023 γίαν
227 980 315 1023 ἴσον),
342 982 524 1024 priusquam
553 981 734 1023 conjunctio
763 992 820 1022 per
848 981 1034 1012 diametrum
1065 981 1120 1012 fiat
1151 979 1224 1020 (εἶτα
1254 977 1287 1010 τὸ

138 1035 340 1077 ἀντιπεπονθὸς
368 1038 503 1079 γένηται).
555 1038 609 1070 Sic
636 1037 773 1069 Michael
802 1037 971 1078 Ephesius·
1023 1037 1135 1068 Valeat
1164 1046 1212 1067 ex.
1242 1046 1285 1077 gr.

138 1094 319 1126 aedificator
341 1094 459 1126 centies
482 1094 553 1135 plus
577 1098 695 1132 sutore,
719 1093 838 1125 centies
854 1092 948 1125 etiam
971 1093 1093 1124 calceus
1117 1091 1289 1123 sumendus

138 1156 203 1189 est,
227 1155 263 1181 ut
284 1150 398 1181 domus
422 1150 451 1181 ci
472 1150 675 1192 adaequetur.
721 1150 764 1180 Et
787 1153 853 1180 tum
878 1149 1005 1180 demum
1030 1148 1212 1179 aedificator
1234 1158 1290 1188 per

138 1206 326 1238 diametrum
348 1217 419 1238 cum
443 1211 570 1237 centum
589 1205 713 1243 calceis,
737 1210 826 1236 sutor
848 1204 961 1236 eodem
985 1203 1082 1236 modo
1106 1215 1177 1235 cum
1193 1204 1289 1234 domo

139 1261 376 1304 conjungendus
397 1267 456 1300 est,
475 1261 501 1292 si
518 1261 653 1293 retaliari
672 1261 760 1292 velis.
795 1260 931 1302 Jamque
948 1264 1089 1301 apparet,
1109 1270 1171 1301 quo
1194 1269 1289 1290 sensu

141 1315 172 1349 τό
196 1317 291 1349 ποιοῦν
314 1323 347 1349 et
369 1315 402 1348 τὸ
430 1315 547 1357 πάσχον
570 1317 597 1358 ᾧ.
623 1316 642 1348 9
666 1316 719 1355 (cf.
743 1326 829 1357 supr.
855 1316 894 1347 ad
917 1327 944 1347 c.
968 1315 999 1353 4,
1025 1316 1053 1356 ξ.
1081 1315 1131 1354 12,
1155 1326 1186 1356 p.
1205 1314 1289 1353 169)

140 1373 357 1415 accipiendum
386 1373 444 1404 sit:
478 1370 511 1404 τὲ
541 1372 637 1404 ποιοῦν
666 1377 717 1404 est
745 1373 797 1414 qui
829 1372 883 1403 dat
913 1372 1043 1403 domum
1079 1377 1132 1402 aut
1163 1376 1290 1402 centum

139 1430 280 1468 calceos,
311 1427 343 1460 τὸ
368 1426 484 1469 πάσχον
515 1435 565 1461 est
587 1430 613 1460 is
638 1428 690 1471 qui
713 1429 790 1460 haec
820 1428 976 1469 accipiens
1005 1427 1091 1469 paria
1119 1426 1291 1458 retribuere

140 1487 235 1518 debet
263 1486 313 1518 vel
334 1490 462 1518 centum
485 1485 608 1517 calceos
637 1485 687 1516 vel
709 1485 856 1523 domum3
885 1483 931 1514 ita
952 1489 988 1514 ut
1016 1482 1231 1524 unusquisque
1260 1487 1293 1512 et

141 1548 223 1584 agat,
245 1546 278 1573 et
291 1541 439 1583 patiatur.
475 1540 606 1582 Proprie
629 1545 734 1572 tamen
759 1536 793 1570 τὸ
816 1536 933 1579 πάσχον
949 1539 988 1570 de
1011 1538 1172 1580 indigente
1193 1537 1292 1578 accipi

141 1597 252 1636 debet3
273 1598 330 1629 sed
352 1597 429 1628 nihil
447 1597 556 1635 refert,
578 1607 651 1628 cum
674 1596 758 1628 idem
783 1606 894 1627 sensus
918 1594 976 1634 sit,
995 1596 1124 1636 jamque
1146 1593 1200 1625 illo
1223 1594 1292 1624 loco

141 1653 328 1691 viderimus,
353 1652 460 1684 ambas
483 1652 760 1694 interpretationes
783 1651 866 1683 inter
889 1661 923 1683 se
946 1650 1102 1682 conciliari
1126 1660 1232 1691 posse.
1249 1667 1293 1673 —

143 1711 189 1740 θεῖ
209 1702 253 1740 οὖν
277 1706 322 1749 δή)
348 1719 410 1739 om.
435 1705 473 1749 δή
494 1708 668 1740 Bekkerus.

229 1765 256 1805 ξ.
283 1764 334 1797 10.
381 1761 429 1802 ἐφ’
457 1758 481 1803 ἵ)
514 1762 560 1803 ἐφ’
587 1759 611 1805 ᾧ
633 1766 703 1804 Par,
728 1764 782 1803 Ι),
807 1763 869 1802 Mb,
894 1762 952 1802 Ob,
977 1764 1107 1795 Coraes.
1131 1766 1177 1786 —-'
1196 1762 1291 1802 μέσον)

143 1822 241 1863 μέτρον
264 1820 485 1852 wilkinsonus
512 1830 550 1851 ex
572 1821 691 1853 insulsa
708 1819 889 1853 Casauboni
911 1824 944 1852 et
962 1818 1078 1851 Mureti
1101 1819 1292 1859 conjectura,

145 1889 236 1919 quam
267 1876 418 1918 probasse
448 1877 582 1907 Coraem
613 1877 717 1907 miror.
742 1877 879 1908 Michael
912 1875 1087 1918 Ephesius:
1122 1886 1217 1907 κανων
1238 1885 1292 1913 yae

144 1946 191 1964 και
213 1945 354 1973 κριτηριον
377 1932 479 1973 γίνεται
504 1945 551 1972 τη,
576 1943 644 1970 uper
647 1932 676 1972 ἧς
702 1945 752 1963 τοι
775 1945 927 1973 οικημοιτο·
949 1944 997 1962 και
1017 1944 1069 1962 ’των
1092 1927 1292 1971 υποόηματωι.

145 2003 180 2025 υς
204 2001 250 2020 και
275 1985 289 2019 ὁ
311 1986 449 2029 ὸικαστής,
473 1987 521 2028 τῆς
545 1986 701 2027 nkciegmg
723 2001 770 2018 και
795 2001 827 2029 με
817 1986 952 2027 ιονεξίας.
977 1987 1096 2019 scilicet
1119 1985 1292 2018 secundum

146 2044 381 2085 proportionem
405 2043 632 2076 arithmeticam
655 2042 880 2075 continentem.
