1439 2342
0 69 3 78 ὓ
476 97 548 124 Libri
570 97 616 124 111.
658 96 750 131 capu
773 97 828 130 (11).
1169 94 1236 129 107

84 207 185 237 tantia
208 206 282 238 boni
306 207 416 245 oritur,
439 207 534 238 etiam
558 206 644 237 nullo
668 205 782 237 affectu
800 205 991 246 impellente,
1015 215 1088 236 mox
1112 205 1238 237 demum

84 272 264 294 sermonem
295 262 432 294 facturus
457 266 520 293 est:
558 259 654 302 ἀγνοεῖ
670 261 719 303 μὲν
743 254 789 292 οἷ’ἷν
811 275 838 292 κ.
863 274 889 292 τ.
913 265 941 292 λ.
987 261 1031 292 Et
1053 266 1139 292 recte
1163 261 1240 292 dicit

85 317 281 358 Giphanius,
311 317 416 349 ebrios
439 322 472 349 et
494 317 591 349 iratos
615 317 834 359 imprudentes
860 317 896 356 (i.
922 328 950 348 e.
975 317 1157 358 ignorantes
1180 316 1239 348 bo-

83 374 170 412 num)
194 383 336 414 peccare,
361 373 418 404 sed
441 383 506 403 non
530 383 586 414 per
609 373 866 414 imprudentiam,
890 383 927 403 ex
949 382 986 403 eo
1012 372 1082 413 ipso
1103 372 1239 413 probari,

84 428 168 470 quod
191 439 302 459 omnes
333 428 468 469 improbi
497 429 716 468 imprudentes
740 432 890 469 peccent,
921 427 977 458 sed
1005 438 1068 459 non
1099 439 1156 469 per
1179 429 1240 460 im-

83 483 293 525 prudentiam.
318 502 361 506 —
386 480 436 515 οὖκ
459 481 538 521 εἰδώς
562 483 603 521 ὸὲ,
627 481 693 515 ἀλλ’
718 480 837 524 ἀγνοῶν)
867 483 1113 524 Paraphrastes:
1139 481 1241 524 ἀγνοῶν

84 539 124 578 δέ,
148 540 233 582 quod
256 540 333 571 satis
356 540 485 579 fuisset3
509 552 582 571 nam
607 536 656 571 οὐκ
673 536 750 576 sim,
769 545 801 570 et
823 536 926 578 εἷγνοιῖνν
945 538 1094 570 hocloco
1112 550 1240 580 prorsus

83 595 168 627 idem
192 601 282 634 sunt,
318 602 350 627 et
379 596 587 638 ignorantiam
615 596 695 637 juris
729 595 923 636 significant,
959 606 1032 626 cum
1062 594 1135 626 alibi
1164 593 1241 633 εἱὸως

85 651 182 692 (infra
205 652 285 690 V,c
319 652 357 690 8,
382 652 409 693 ξ.
435 652 471 690 93
496 664 523 683 c.
549 651 586 689 9,
611 652 639 692 ξ.
665 651 685 682 4
709 656 742 683 et
765 652 822 691 5),
853 651 927 692 quin
953 656 985 682 et
1007 651 1112 692 ipsum
1138 647 1241 691 ἅγνοων

84 720 310 751 nonnunquam
335 710 456 750 (ἰωῆς
460 709 545 747 .;15
571 710 608 746 V,
634 720 660 740 c.
681 707 719 746 8,
745 708 772 748 ξ.
791 707 821 747 3)
853 707 891 738 de
915 706 1008 738 rebus
1033 707 1242 748 singularibus

85 765 214 797 dicatur.
262 766 374 797 Verte:
404 767 480 796 Vero
503 776 561 796 mm
583 767 699 803 sciens,
723 764 779 794 sed
798 765 939 794 insciens.
986 763 1112 794 Erravit
1134 763 1241 804 Hege-

84 821 143 852 lius
168 832 231 852 non
255 822 286 852 in
311 821 484 859 sententia,
511 821 566 851 sed
590 820 620 850 in
645 819 818 856 vocabulo,
852 818 904 860 qui
929 819 1241 860 (Rechtsphz'losophz'e,

85 877 113 918 ξ.
141 878 203 910 140
227 883 310 915 not.,
335 888 366 918 p.
393 877 473 916 190)
507 877 602 914 dixit,
632 875 837 907 Aristotelem
860 879 971 905 nostro
996 875 1066 906 loco
1091 871 1141 905 cz’rn
1165 872 1241 913 εἱὸώς

85 938 117 963 et
141 930 243 972 ἀγνοῶν
267 943 448 974 opponere,
484 943 555 963 cum
586 932 623 963 ω’
648 924 760 971 ἔγνειαν
791 937 823 962 et
847 927 949 971 ἅγνεῶν
979 931 1174 971 opposuerit.
1202 950 1240 955 —

87 982 121 1019 ὧν
145 986 197 1029 δή)
223 986 259 1030 ὠή
283 1000 347 1019 non
372 994 549 1030 agnoscunt
564 988 621 1026 El,
645 988 722 1025 Nc,
746 988 817 1024 Par,
843 986 1054 1024 Cardwellus,
1078 986 1242 1017 Bekkerus

84 1044 189 1082 tacite,
213 1045 290 1075 item
306 1044 544 1085 paraphrastes,
569 1049 690 1074 mutata
708 1049 813 1073 tamen
830 1048 1003 1081 structura3
1028 1043 1084 1073 sed
1107 1043 1140 1073 in
1153 1048 1242 1073 textu

85 1100 210 1140 quidem
235 1101 416 1132 Aristotelis
440 1100 522 1132 hanc
545 1111 656 1131 vocem
686 1110 837 1130 numerus
860 1098 1016 1140 requirere
1040 1099 1173 1130 videtur.
1200 1117 1241 1120 —

83 1154 165 1186 mxci
189 1155 324 1196 γίνενται)
355 1156 459 1187 Multo
490 1156 579 1187 aliter
603 1167 687 1187 nunc
710 1155 900 1186 nostratium
923 1155 1064 1196 plerique
1088 1159 1242 1193 statuunt,

85 1212 136 1253 qui
160 1212 369 1252 ignorantiam
401 1212 475 1243 boni
505 1217 538 1243 et
568 1212 641 1242 mali
672 1212 825 1252 optimam
857 1222 927 1242 esse
951 1211 1098 1252 judicant
1120 1211 1243 1251 peccati

85 1267 340 1306 exeusationem,
375 1272 407 1299 et
437 1267 628 1308 quemlibet,
663 1267 737 1299 licet
766 1267 948 1308 turpissima
977 1272 1010 1298 et
1038 1267 1244 1308 injustissima

85 1323 321 1365 perpetraverit,
345 1329 452 1355 tamen
469 1323 589 1354 bonum
605 1323 779 1361 habebunt,
797 1323 970 1354 dummodo
987 1323 1145 1363 putaverit
1160 1322 1244 1354 bona

85 1391 172 1418 esse,
203 1390 283 1421 quae
307 1379 478 1410 meditatus
502 1379 560 1410 sit:
596 1384 632 1409 ut
663 1383 736 1410 ante
767 1379 826 1409 hos
849 1379 959 1419 viginti
989 1383 1062 1410 octo
1087 1390 1187 1410 annos
1211 1379 1243 1409 in

86 1436 155 1476 ipsa
181 1435 354 1466 Germania
377 1435 512 1466 vidimus
537 1435 716 1476 exemplum
736 1435 878 1476 juvenis,
904 1435 956 1475 qui
980 1445 1038 1475 pro
1062 1434 1163 1466 salute
1186 1445 1243 1476 pa-

85 1491 162 1523 triae
185 1491 329 1523 venalem
353 1491 540 1533 scriptorem
563 1491 816 1523 interficiendum
839 1490 1023 1521 decreverit.

175 1547 203 1588 §.
230 1547 281 1579 15.
330 1544 360 1578 τὸ
386 1546 545 1588 συμφέρσν)
571 1548 612 1578 Id
632 1548 710 1587 quod
730 1548 864 1587 eoepedit,
888 1547 974 1582 utile;
999 1545 1096 1577 adde:
1129 1551 1162 1577 et
1185 1546 1244 1577 ho-

88 1608 224 1635 nestum.
247 1621 290 1625 —
314 1603 339 1634 ἐν
363 1603 399 1645 τῇ
415 1602 581 1643 προαιρέσει
605 1595 713 1643 ἄγνοια)
738 1602 810 1633 Hoc
833 1601 917 1632 idem
941 1606 990 1632 est
1014 1612 1107 1643 quam
1130 1597 1244 1641 ἀγνοῶν·

87 1659 286 1700 propositum
315 1659 419 1699 ipsum
450 1659 568 1689 malum
594 1658 669 1697 erit,
705 1658 799 1690 simul
828 1662 922 1699 atque
953 1668 1049 1698 agens
1080 1657 1139 1688 sibi
1170 1668 1245 1698 pro-

86 1715 229 1756 posuerit
252 1726 331 1756 quae
354 1726 419 1746 non
443 1715 507 1746 sint
531 1715 662 1756 agenda,
683 1713 759 1745 boni
777 1713 984 1755 ignoratione.
1031 1714 1115 1745 Nam
1131 1713 1158 1744 si
1175 1713 1244 1755 quis

85 1770 263 1812 ignorantia
279 1770 470 1811 singularum
487 1781 591 1801 rerum
607 1771 795 1812 peccaverit,
820 1781 883 1801 non
906 1768 1015 1800 habuit
1037 1769 1154 1800 malum
1170 1780 1244 1810 pro-

86 1827 237 1867 positum,
266 1838 338 1858 cum
362 1827 476 1858 malam
496 1838 535 1858 ex
551 1838 608 1858 sua
624 1827 748 1858 actione
764 1826 840 1857 citra
854 1826 1054 1867 propositum
1071 1826 1245 1866 profectam

86 1882 356 1924 consequentiam,
380 1883 564 1924 priusquam
589 1882 696 1923 egerit,
720 1893 779 1914 nec
795 1882 873 1913 vidit
888 1882 1071 1913 necvolujt.
1120 1882 1244 1913 Distin-

85 1938 189 1980 guitur
220 1944 324 1969 tamen
356 1953 372 1979 η
405 1939 428 1969 ἐν
460 1939 495 1981 τῇ
528 1951 581 1969 τε
570 1938 690 1969 αιεέεσι
722 1951 817 1978 αγνσια
849 1943 881 1969 et
911 1934 928 1978 ἡ
956 1941 1018 1969 καζ
1022 1934 1087 1968 §Mu
1112 1937 1174 1975 ita,
1211 1942 1246 1968 ut

86 1994 243 2036 posterior
271 1994 313 2025 sit
343 1995 519 2035 ignorantia
550 1995 648 2035 ipsius
678 1995 748 2026 finis
782 1995 831 2026 vel
860 1994 941 2025 mala
973 1994 1124 2031 intentio,
1161 1994 1246 2034 prior

86 2049 262 2090 ignorantia
296 2049 453 2081 bonorum
487 2051 768 2083 instrumentorum
807 2050 847 2081 ad
882 2050 977 2081 finem
1013 2049 1245 2090 assequendum

86 2106 321 2147 pertinentium.
378 2107 462 2138 Nam
499 2106 661 2147 προαίρεσις
695 2106 906 2137 instrumenta
942 2105 1069 2147 agendi,
1108 2101 1245 2145 βούλησις

86 2161 182 2193 finem
196 2167 330 2203 spectat,
355 2167 390 2193 ut
405 2162 484 2194 infra
501 2169 610 2195 auctor
626 2168 765 2204 exponet
780 2174 805 2194 c.
821 2163 851 2200 2,
883 2162 910 2202 ξ.
923 2161 960 2199 9;
986 2173 1013 2193 c.
1028 2161 1058 2200 3,
1084 2161 1112 2201 ξ.
1128 2161 1178 2198 11,
1208 2161 1244 2193 16
