1439 2342
185 132 258 169 326
479 135 659 161 commentar.
683 134 716 160 ud
737 135 846 161 Ariston
871 134 954 161 Echio.
978 134 1079 160 Nic-om.

188 244 396 275 dissentiente
421 242 607 274 Cnrdwellm
647 242 738 274 'runc
755 252 818 273 non
837 253 949 273 sensus
973 242 1086 280 solum,
1111 242 1165 273 sed
1191 248 1223 272 et
1244 241 1342 282 ipsius

185 299 387 342 cogitationis
401 299 601 341 operationes
620 298 726 339 specie
743 298 825 329 inter
838 309 872 330 se
889 297 1013 330 differre
1036 298 1197 336 dicuntur3
1221 301 1342 328 utrum-

187 367 247 399 que
272 366 347 387 sane
369 355 430 386 dici
454 360 572 396 potest,
598 359 630 385 et
659 353 698 385 ab
723 354 794 395 ipso
826 354 945 385 dictum
977 359 1027 385 est
1051 353 1220 384 Aristotele
1245 352 1344 390 (infra

188 413 215 453 ξ.
239 411 290 452 8.)
343 411 407 442 Sed
438 421 509 442 cum
538 421 597 442 nec
625 415 750 441 veteres
781 420 839 441 nec
869 410 1062 442 recentiores
1094 410 1282 450 interpretes
1313 413 1345 440 et

188 469 326 499 editores
356 467 437 499 hanc
468 466 585 497 variam
621 466 788 497 lectionem
821 465 967 503 afferant,
1001 465 1132 496 duorum
1165 470 1219 496 aut
1251 464 1344 495 trium

187 524 330 555 codicum
362 522 541 555 auctoritati
573 521 718 553 assentiri
750 521 836 552 nolo.
869 539 910 543 ——
941 518 1136 561 ἐπιὸιόέασιν)
1170 521 1219 552 De
1249 531 1345 552 sensu

188 580 279 622 hujus
304 579 390 611 vocis
414 580 485 610 vide
509 589 603 618 supra
625 577 646 615 l,
672 590 698 609 c.
726 579 755 616 7,
781 578 809 618 ᾧ.
834 578 884 615 16,
909 583 941 608 et
965 578 1002 608 ad
1028 577 1062 615 ll,
1088 588 1115 609 c.
1140 576 1171 615 8,
1196 577 1222 618 ξ.
1247 580 1278 609 8.
1302 593 1345 599 —-

189 632 359 677 συναύξουσι
382 632 428 676 dvj)
455 634 487 665 ὁέ
510 645 568 676 pro
592 631 628 674 δή
654 634 708 671 ΕΙ,
739 634 811 669 Par„
845 633 1005 665 Bekkerus
1037 634 1104 664 sine
1135 640 1210 664 nota
1240 634 1346 665 critica

190 691 397 731 (Cardwellus
423 688 458 732 ὀή
483 691 588 731 legens
613 690 652 721 de
677 689 721 721 Kh
750 690 847 727 silet),
873 689 949 726 Ald,
975 690 1060 727 Ven;
1089 689 1149 720 Par
1172 695 1277 720 tamen
1310 686 1346 730 δή

191 747 404 789 superscribit.

279 804 307 845 ᾧ.
333 803 362 835 4.
412 804 435 834 σι’
462 801 726 844 τραγηματίζσντες)
753 802 950 833 Eustratius:
976 798 1147 843 τραγήματα
1173 801 1205 832 ὸέ
1230 801 1298 833 εἰσιν
1323 802 1347 832 εἰ
1401 820 1407 833 ,

192 857 364 901 mmm-roi,
390 858 529 899 ἐρεβίνθσι
555 858 767 899 (Felicianusz
793 859 874 890 cicer
897 859 1021 896 frixum,
1045 858 1146 896 fabae,
1163 860 1276 896 nuces)
1299 856 1352 889 καί

191 928 250 948 τινα
275 913 356 956 ἔτερα
379 914 497 947 τοιαῦτα
521 914 732 952 (Felicianusz
757 925 837 956 quae
869 914 1017 946 secundis
1051 914 1168 945 mensis
1197 913 1346 945 adhiben-

191 974 266 1009 tur).
314 973 413 1003 Recte
437 971 540 1003 locuni
559 972 741 1012 Zwingerus
759 971 1000 1012 interpretatur:
1027 971 1165 1009 „Graeci
1177 976 1264 1002 totos
1281 971 1347 1002 dies

193 1028 223 1059 in
249 1028 382 1059 theatris
408 1027 579 1059 sedebant:
606 1038 712 1059 secum
732 1027 825 1069 igitur
840 1027 983 1058 ferebant
1006 1027 1037 1058 in
1055 1037 1130 1068 pera
1145 1026 1261 1065 cibum,
1285 1038 1347 1069 quo

192 1084 273 1115 inter
297 1084 419 1115 medios
444 1089 531 1115 actus
557 1083 606 1115 vel
629 1083 724 1114 etiam
753 1083 941 1114 athletarum
973 1083 1198 1125 productiones
1222 1089 1346 1115 uteren-

192 1145 252 1171 tur.
299 1139 334 1170 Si
358 1140 519 1180 placerent
543 1139 732 1180 spectacula,
763 1138 1029 1171 obliviscebantur
1051 1139 1129 1170 cibi:
1155 1139 1201 1170 sin
1235 1139 1348 1178 minus,

193 1196 312 1227 aurium
337 1200 369 1226 et
386 1195 548 1226 oculorum
566 1195 728 1236 voluptate
744 1195 936 1236 posthabita,
955 1195 1080 1226 bellaria
1104 1194 1349 1227 comedebant.“

282 1251 309 1292 ξ.
335 1250 365 1281 5.
414 1246 427 1280 ὅ
451 1250 499 1292 μὲν
524 1247 555 1281 εὖ
582 1248 698 1290 γράφει)
724 1247 778 1290 γάρ
795 1256 870 1291 post
893 1250 941 1292 μέν
954 1251 1040 1282 addit
1058 1251 1219 1282 Bekkerus
1237 1262 1348 1283 secun-

193 1307 267 1337 dum
291 1307 362 1344 Par,
387 1307 441 1344 H',
461 1305 505 1338 Kb
531 1307 753 1343 (dissentiente
773 1306 975 1343 Can-duello),
1000 1305 1061 1344 M¹·‚
1083 1306 1150 1345 0¹·;
1175 1313 1240 1338 tum
1258 1318 1349 1349 prae-

193 1362 339 1394 cedentia
362 1363 401 1393 ad
427 1363 589 1403 superiora
613 1363 738 1393 referas.

285 1419 312 1459 ᾧ.
340 1418 369 1451 6.
420 1415 490 1459 πλὴν
515 1415 573 1458 0²3><
598 1415 709 1459 ὁμοίως)
742 1417 876 1459 Supplet
907 1419 1122 1461 Argyropylus
1153 1424 1252 1451 recte:
1285 1430 1350 1461 φε-

195 1475 335 1506 rationes.
383 1474 470 1505 Haec
494 1474 675 1515 adjunxisse
701 1474 906 1505 Aristotelem
933 1475 1109 1517 Acciajolus
1134 1475 1226 1514 dicit,
1250 1475 1351 1518 „quia

195 1530 296 1562 aliena
319 1530 465 1571 voluptas
496 1531 619 1562 videtur
648 1530 788 1561 minuere
820 1530 1048 1570 operationem,
1073 1531 1163 1562 dolor
1186 1541 1260 1562 vero
1292 1531 1350 1563 im-

196 1586 312 1627 pedire,
337 1597 377 1617 ne
401 1586 602 1627 producatur,
627 1586 676 1616 vel
700 1585 800 1627 ipsam
824 1586 1019 1618 destruere.“

284 1642 311 1683 §.
339 1642 367 1672 7.
416 1641 467 1672 τῶν
492 1640 521 1672 ὂέ
548 1638 710 1681 οὐδετέρων)
738 1642 786 1672 De
817 1652 912 1673 sensu
937 1642 1028 1683 hujus
1059 1643 1146 1675 vocis
1170 1642 1241 1675 vide
1264 1653 1348 1685 supr.

196 1698 237 1729 ad
261 1709 287 1729 c.
312 1698 343 1734 2,
369 1697 396 1738 ξ.
417 1699 445 1728 7.
464 1715 506 1720 -
533 1699 590 1735 τοῖς
612 1694 726 1737 χρόνοις
750 1695 797 1728 καὶ
822 1697 857 1740 τῇ
874 1695 970 1738 φύσει)
999 1699 1142 1740 Tempore
1160 1698 1349 1741 cupiditates

196 1753 234 1784 ab
259 1753 496 1795 operationibus
521 1754 688 1785 distinctae
713 1758 796 1790 sunt,
822 1764 892 1784 cum
917 1755 1121 1793 antecedant;
1153 1758 1262 1786 natura
1285 1755 1350 1787 sive

196 1809 358 1851 dignitate,
384 1809 455 1850 quia
480 1809 622 1850 operatio
646 1808 769 1840 videtur
792 1810 940 1851 perfecta,
970 1811 1125 1853 cupiditas
1156 1811 1348 1853 imperfecta,

197 1865 313 1908 quippe
342 1875 421 1907 quae
455 1865 606 1896 desistere
636 1875 791 1907 suumque
822 1866 916 1898 finem
949 1871 1056 1908 potest
1093 1877 1157 1898 non
1189 1867 1349 1910 consequi.

198 1922 363 1963 Cupiditas
393 1921 486 1962 igitur
517 1921 702 1962 operatione
731 1917 826 1962 χρόνῳ
858 1922 985 1964 quidem
1019 1919 1171 1962 πρότερον,
1203 1923 1259 1955 sed
1283 1919 1349 1964 ἀξίᾳ

196 1973 312 2016 ὕστερον
337 1981 395 2008 est.
443 1976 631 2017 Voluptates
653 1987 726 2007 vero
751 1982 784 2008 et
811 1982 955 2019 tempore
979 1983 1011 2010 et
1035 1984 1146 2010 natura
1169 1990 1240 2011 cum
1272 1989 1349 2022 ope·

196 2032 369 2065 rationibus
394 2033 581 2073 conjunctae
605 2037 688 2064 sunt.

285 2089 313 2129 ξ.
338 2088 368 2120 8.
415 2084 511 2128 ἡδονή)
537 2084 553 2129 ἡ
579 2083 664 2129 ἡόῡνή
688 2089 774 2127 Vrat,
799 2089 870 2127 Ald,
896 2090 976 2128 Ven,
1001 2090 1132 2130 Coraes,
1156 2089 1349 2124 Cardwellus

198 2144 371 2175 secundum
396 2154 471 2175 suos
495 2143 621 2176 codices
645 2150 778 2185 excepto
804 2144 862 2177 0¹⁸.
902 2145 966 2178 Sed
990 2142 1076 2187 ἡδονή
1098 2151 1148 2178 est
1164 2145 1348 2178 attributum

197 2198 423 2231 vocabulorum
449 2196 557 2231 διάνοια
583 2206 615 2231 et
638 2197 789 2242 αἴσθησις.
831 2201 959 2233 Rectius
984 2201 1051 2232 Ven
1077 2197 1094 2243 ἡ
1119 2199 1269 2243 αἴσθησις,
1293 2201 1349 2237 sed
