1439 2342
484 85 556 112 Libri
577 85 623 112 111.
665 85 730 120 Cap.
754 85 773 111 l.
1153 83 1202 118 99

45 195 85 226 ad
114 194 202 236 ipsos
231 199 378 236 parentes
410 199 464 226 aut
495 194 610 226 liberos
641 194 747 226 referri
775 204 837 224 non
863 197 986 234 potest3
1022 204 1086 224 non
1117 194 1200 225 enim

45 260 126 292 opus
149 255 217 288 est,
247 255 283 282 ut
305 251 459 292 majorum
484 250 639 281 malorum
670 255 757 282 metu
787 260 843 281 eos
874 254 967 291 cogat
989 254 1141 290 tyrannus
1163 250 1201 281 ad

45 305 162 347 aliquid
185 305 374 344 faciendum,
399 316 470 337 cum
494 305 543 344 iis,
568 306 620 347 qui
644 306 676 336 in
701 307 768 347 ejus
789 310 948 346 potestate
973 311 1056 343 sunt,
1081 305 1202 347 simpli-

45 361 123 394 citer
153 361 217 393 vim
248 361 358 393 afferre
396 360 499 402 possit
535 361 582 402 (ξ.
606 361 655 400 3).
713 359 860 402 Πράξαντι
896 361 980 392 haud
1010 361 1204 402 ineleganter

45 417 160 450 eodem
185 428 281 449 sensu
304 417 422 448 dictum
448 421 544 455 esset,
569 427 631 458 quo
656 414 824 457 πράξαντες.
872 416 1098 457 Paraphrastes
1121 417 1202 448 male

43 471 91 505 καὶ
115 470 206 504 αὐτοῦ
230 473 318 504 addit
341 478 414 504 ante
437 470 485 503 καὶ
503 471 609 512 γονέων,
633 472 736 513 possit
751 472 834 504 enim
852 477 920 503 tum
937 477 1090 513 tyrannus
1108 473 1202 504 etiam

43 529 103 570 ipsi
145 529 208 560 vim
249 529 380 567 inferre3
434 534 572 560 ceterum
622 527 702 558 hanc
748 527 789 558 ob
831 539 957 559 causam
1002 527 1200 568 interpretari

43 589 183 626 poterat:
215 582 263 615 καὶ
288 581 432 625 δυνάμεως
465 585 526 624 (sc.
554 580 567 613 ὃ
594 580 737 623 τύραννος)
771 581 934 622 πράττοντα
962 583 1010 624 μὲν
1034 580 1131 621 σώζειν
1154 582 1202 615 καὶ

44 636 127 671 αὐτὸν
149 637 197 671 καὶ
223 636 286 678 τούς,
311 637 413 675 αὐτοῦ,
445 636 483 679 μὴ
511 636 673 678 πράττοντα
697 638 727 669 d}
753 635 935 676 ἐπεκτεῖναι,
967 650 983 670 e
1014 651 1075 681 qua
1105 640 1202 671 inter-

43 696 231 738 pretatione,
255 701 378 727 mutato
402 695 569 726 verborum
590 705 716 735 genere,
741 695 851 734 procul
875 694 971 725 dubio
992 695 1088 726 altera
1109 696 1203 727 lectio

43 756 112 783 orta
135 757 194 784 est.

133 809 161 849 ξ.
187 807 217 840 6.
265 806 298 839 τὸ
323 808 353 839 ὁὲ
379 807 467 847 τέλος)
493 808 736 849 Paraphrastes:
761 806 808 839 καὶ
836 805 866 838 τὸ
893 808 968 846 τέλος
994 806 1093 846 αὐτῶν,
1118 808 1147 840 εἴ
1166 823 1204 847 τις

41 861 118 895 κατ-οἲ
143 861 188 894 τὸν
211 861 307 903 ›emeth‹
333 864 430 894 ἐκεῖνον
455 866 575 901 σκοπεῖ,
602 861 713 904 ἀγαθόν
746 865 806 895 ἐστι
838 862 885 895 καὶ
910 862 1043 905 ἓελητόν,
1074 863 1133 896 ἐπεὶ
1156 864 1203 896 καὶ

41 917 74 951 r&
99 917 221 960 ἑκάστης
246 917 374 961 πράξεως
398 919 477 958 τέλος
499 916 575 951 aare?
600 917 646 950 τὲν

670 917 766 959 καιρὸν
791 917 877 961 αὐτῆς
902 918 972 957 ἐστὶ,
997 918 1044 951 καὶ
1070 918 1128 951 ἀπὸ
1155 922 1204 951 τοῦ

41 976 142 1016 καιροῦ
165 971 183 1016 ἢ
207 972 321 1016 ἀγαθὸν
345 971 365 1016 ἢ
388 972 507 1016 πονηρὸν
530 974 642 1015 γίνεται.
697 977 759 1007 Est
789 976 947 1007 sententia
979 976 1126 1008 omnibus
1150 988 1203 1009 ac-

41 1031 181 1063 tionibus
203 1031 391 1069 communis,
416 1031 447 1062 in
471 1031 531 1062 hac
554 1037 659 1063 tamen
685 1031 790 1073 specie
816 1031 975 1063 actionum
992 1032 1094 1073 primo
1113 1032 1205 1064 obvia

46 1092 78 1118 et
100 1087 235 1118 maxime
258 1087 433 1128 perspicua.
458 1105 501 1109 -ι
527 1081 571 1117 ὅτε
596 1084 726 1126 πράττει)
753 1098 796 1118 sc.
821 1100 870 1125 τις,
895 1088 981 1129 quod
1003 1089 1128 1129 saepius
1153 1099 1203 1119 se-

46 1143 182 1174 cundum
206 1143 290 1174 viros
321 1143 432 1174 doctos
457 1143 601 1174 occurrit.
648 1143 875 1183 paraphrastes
905 1143 1002 1174 habet
1035 1141 1203 1183 πράττεται.

49 1217 86 1224 ·-
112 1200 184 1231 aa&
209 1195 295 1239 αὑτό)
329 1199 512 1240 Opponitur
535 1198 576 1239 τῷ
599 1196 745 1230 nuniz-&r
769 1196 874 1238 καιρόν.

135 1256 163 1296 ξ.
189 1254 258 1288 7-8.
306 1256 453 1288 Quatuor
478 1254 637 1286 actionum
664 1260 844 1286 coactarum
870 1255 992 1295 species
1017 1256 1048 1285 in
1070 1256 1131 1286 hoc
1155 1267 1205 1287 se-

46 1311 150 1343 cundo
173 1321 288 1353 genere
311 1311 359 1342 his
385 1311 432 1352 ξξ.
456 1316 693 1352 proponuntur:
722 1312 747 1349 1)
769 1311 946 1349 laudantur,
971 1311 1024 1352 qui
1035 1313 1139 1352 turpia
1152 1316 1207 1342 aut

45 1367 181 1398 molesta
216 1366 389 1405 subierint,
428 1378 612 1408 magnarum
649 1372 682 1398 et
715 1367 919 1398 honestarum
955 1377 1060 1398 rerum
1095 1379 1205 1401 causa:

47 1422 78 1463 2)
102 1423 336 1464 vituperantur,
368 1423 421 1464 qui
451 1423 608 1464 ejusmodi
638 1423 732 1454 rebus
762 1434 825 1454 non
857 1423 983 1464 impulsi
1014 1423 1124 1454 eadem
1154 1423 1207 1454 illa

0 1505 6 1511 .
46 1479 249 1520 pertulerint5
273 1479 304 1519 3)
321 1479 414 1510 venia
430 1479 532 1518 datur,
556 1479 583 1510 si
599 1479 668 1521 quis
685 1479 793 1520 egerit,
817 1490 897 1519 quae
913 1489 978 1509 non
995 1479 1058 1510 sint
1073 1479 1206 1520 agenda,

47 1534 177 1566 summis
212 1535 394 1576 compulsus
431 1535 636 1573 cruciatibus,
677 1546 756 1576 quos
795 1535 874 1565 ferre
918 1545 1014 1565 nemo
1050 1534 1206 1575 potuerit;

38 1590 78 1630 ,4)
99 1590 192 1622 venia
215 1602 280 1622 non
305 1591 398 1622 datur
424 1591 606 1633 turpissima
630 1590 785 1632 quaedam
810 1591 931 1630 agenti,
961 1590 1031 1620 illos
1054 1590 1142 1630 ipsos
1166 1601 1206 1621 ne

46 1646 170 1683 toleret.
217 1646 325 1688 ltaque
349 1647 446 1678 modo
470 1647 684 1688 vituperatur,
711 1646 764 1687 qui
788 1645 857 1685 cogi
881 1655 915 1676 se
939 1655 1053 1686 passus
1077 1650 1127 1677 est
1151 1645 1207 1686 (4),

45 1688 155 1740 ὶιοάο,
179 1702 233 1743 qui
255 1713 320 1734 non
344 1713 458 1744 passus
483 1708 533 1734 est
557 1703 617 1743 (2);
641 1701 738 1732 modo
762 1706 886 1739 autem,
917 1701 969 1742 qui
993 1705 1122 1733 coactus
1147 1707 1206 1740 est,

46 1757 191 1790 laudatur
216 1758 278 1800 (1),
303 1759 400 1789 modo
425 1769 489 1789 non
514 1758 710 1798 vituperatur
735 1756 793 1796 (3).
842 1756 952 1788 Oritur
974 1756 1052 1788 haec
1075 1756 1208 1788 istarum

48 1814 208 1847 actionum
233 1814 409 1846 differentia
432 1825 471 1845 ex
495 1824 544 1851 eo,
579 1813 663 1855 quod
687 1812 886 1844 contumeliis
916 1817 949 1843 et
972 1812 1134 1844 doloribus
1158 1813 1209 1844 vel

49 1869 88 1901 ad
110 1870 261 1900 damnum
285 1869 470 1910 patiendum
494 1869 544 1900 vel
568 1868 663 1900 etiam
687 1868 727 1900 ad
749 1868 852 1909 turpia
876 1868 941 1899 sive
964 1868 1095 1900 crimina
1119 1879 1208 1900 com-

49 1925 202 1957 mittenda
226 1935 385 1966 cogamur.
432 1924 467 1956 Si
491 1924 543 1966 qui
568 1935 679 1966 cogere
709 1934 769 1955 nos
799 1924 875 1955 velit
897 1923 1058 1955 doloribus
1083 1930 1116 1956 et
1138 1935 1208 1955 mo-

47 1980 147 2023 lestiis
171 1991 237 2011 non
261 1980 300 2011 ad
324 1980 428 2021 turpia
451 1981 551 2019 facta,
584 1981 640 2012 sed
665 1980 704 2011 ad
727 1979 952 2011 detrimentum
978 1980 1103 2021 aliquod
1129 1980 1210 2011 acci-

48 2035 217 2078 piendum,
256 2036 327 2077 cogi
359 2035 472 2067 millies
507 2041 664 2077 praestat,
703 2046 743 2066 ne
778 2040 866 2066 metu
901 2035 993 2076 hujus
1029 2034 1210 2066 detrimenti

51 2091 232 2133 turpissima
267 2091 332 2132 pati
367 2091 532 2123 videamur
562 2092 633 2132 (2);
674 2092 714 2122 ad
743 2091 872 2123 crimina
901 2096 1007 2122 autem
1040 2096 1212 2132 turpesque

8 2184 9 2191 ἵ
53 2147 191 2179 actiones
215 2158 376 2188 nunquam
402 2147 563 2179 doloribus
587 2147 746 2180 acerrimis
779 2147 849 2187 cogi
876 2147 944 2178 laus
969 2151 1018 2178 est
1043 2147 1082 2186 (3
1106 2151 1139 2178 et
1161 2147 1211 2186 4).

972 2198 1010 2226 7*

1276 1063 1290 1126 ..mant
1277 1045 1281 1055 ,
1268 829 1279 1037 „wa-.-mauu
