1439 2342
171 41 219 77 42
447 44 625 70 commentar.
653 43 686 68 ml
707 42 815 69 Aristot.
836 41 922 68 Etlnie.
943 40 1046 68 Nicom.

172 151 335 183 Omittunt
358 143 402 180 οὖν
424 151 453 180 A
478 146 564 189 (Lb)‚
587 149 625 185 Β,
651 148 690 187 C,
713 147 771 186 El,
795 146 873 186 CN,
897 146 1002 186 CCC,
1024 147 1097 186 Par,
1119 146 1176 185 H·‚
1199 144 1246 179 Kb
1268 157 1320 179 se-

171 207 307 238 cundum
332 204 526 242 Bekkerum,
550 202 613 242 Mb,
644 202 703 241 Nn,
726 203 812 241 Ven,
837 202 973 242 Coraes,
1001 202 1184 234 Bekkerus:
1219 201 1264 234 ita
1285 207 1322 234 ut

171 266 274 293 exstet
309 264 431 290 tantum
461 259 491 289 in
523 259 617 297 Vrat,
652 256 698 290 Kb
729 258 903 290 secundum
935 258 1159 296 Cardwellum,
1196 262 1229 288 et
1257 255 1320 297 Ob3

171 317 242 354 ΑΜ,
259 315 426 353 Victorius,
443 313 622 352 Turnebus,
647 313 810 345 Moremus
830 313 925 346 etiam
944 319 1071 346 servant
1087 306 1142 345 οῧν.
1179 313 1322 345 Omissio

171 384 188 402 a
218 371 425 412 Pamphi-aste
456 371 487 401 in
519 370 643 402 codices
672 369 837 411 irrepsisse
867 369 1000 401 videtur.
1046 369 1197 402 Abundat
1226 379 1322 410 saepe

171 428 247 458 haec
270 438 331 458 vox
356 427 387 457 in
400 426 581 463 Aristotele,
604 430 640 456 ut
662 425 746 466 apud
759 425 925 466 Hegelium
947 426 1027 457 also:
1050 430 1083 457 et
1099 430 1134 456 ut
1149 435 1245 466 saepe
1261 434 1320 455 nos

172 495 210 515 ex
222 482 322 514 nostri
337 482 516 523 philosophi
531 480 719 512 editionibus
733 481 953 522 expunximus,
966 481 1010 512 sic
1024 485 1056 512 et
1070 491 1108 512 ex
1122 479 1322 512 Aristoteleis

172 538 380 580 Peripatetici.
408 555 445 560 —
477 530 563 575 ἄλλος
595 534 668 567 ἔστω
697 533 789 577 λόγος)
820 536 873 568 Sic
903 536 1011 577 legunt
1034 537 1062 567 A
1087 534 1172 577 (Lb),
1204 536 1248 573 C,
1272 535 1323 573 El,

171 595 247 632 NC,
271 595 347 630 Par,
371 593 464 631 Vrat,
488 592 544 631 11³,
567 591 632 631 Nb,
657 590 721 631 Οὓς
752 590 834 623 ἔσται
863 602 921 633 pro
950 589 1023 622 ἔστω
1053 591 1171 623 habent
1200 596 1323 622 tantum

172 649 275 687 CCC,
306 646 370 687 Kb,
399 646 469 686 Mb,
496 648 688 680 Cardwellus
713 653 745 679 et
771 648 1012 689 Paraphrastes3
1043 648 1070 679 B
1092 646 1220 678 exhibet
1242 644 1323 678 ἔσται

171 704 384 746 superscripto
407 718 445 742 ω,
468 704 574 736 omnia
597 704 697 745 prima
719 715 826 735 manu.
865 696 972 741 ’Ἄλλος
995 700 1077 744 λόγος,
1100 708 1150 734 est
1171 702 1250 734 liber
1271 703 1322 734 ille

170 759 334 802 peculiaris
351 760 389 791 de
403 760 572 802 Speusippi
587 760 786 802 philosophia
802 771 821 791 a
833 759 977 801 Diogene
994 759 1044 799 (cf.
1061 770 1092 800 p.
1106 758 1160 799 41)
1178 759 1322 789 laudatus

172 821 204 848 et
220 816 258 848 ab
274 816 386 847 eodem
407 815 499 847 simul
515 816 602 847 citati
614 817 653 847 de
665 816 935 857 Pythagoreorum
947 815 1070 856 placitis
1084 814 1153 846 libri
1169 814 1321 846 nonnulli.

261 873 288 913 ξ.
313 872 343 903 8.
390 874 550 912 λεχθεῖσιν)
574 873 637 912 Iis,
659 882 734 913 quae
756 874 839 911 davi,
864 872 1029 913 difficultas
1050 872 1196 911 quaedam
1217 871 1323 901 subest.

173 927 351 959 Eustratius
375 928 523 966 adnotat,
552 928 756 959 Aristotelem
785 928 847 958 hoc
869 928 939 959 loco
964 927 1052 969 quasi
1082 937 1116 958 se
1146 926 1250 967 ipsum
1273 936 1323 956 re-

172 984 383 1025 prehendere,
419 984 503 1025 quod
533 984 572 1015 de
602 983 693 1015 bonis
727 984 759 1014 in
788 983 967 1014 universum
998 982 1218 1024 disputaverit,
1253 992 1324 1012 cum

174 1040 236 1071 sint
260 1040 321 1070 duo
344 1039 499 1070 bonorum
523 1050 648 1080 genera,
671 1040 763 1071 Plato
788 1045 892 1070 autem
916 1050 964 1077 ea,
981 1049 1059 1080 quae
1076 1038 1115 1069 de
1138 1038 1208 1068 idea
1223 1037 1323 1068 disse-

174 1097 244 1134 ruit,
268 1107 331 1127 non
353 1095 392 1126 ad
407 1100 586 1137 utrumque,
610 1096 666 1127 sed
690 1096 729 1127 ad
753 1096 885 1127 alterum
908 1099 1032 1126 tantum
1054 1093 1210 1124 bonorum
1225 1103 1325 1134 genus

173 1152 279 1183 referri
308 1151 451 1183 voluerit.
486 1169 523 1175 —
556 1148 603 1183 ὁίἂ
632 1149 664 1182 τὸ
692 1148 732 1193 μὴ
761 1148 825 1191 περὶ
855 1147 956 1188 παντὸς
986 1147 1104 1190 ἀγαθοῦ
1132 1146 1196 1187 τοὺς
1225 1146 1325 1189 λόγους

175 1207 324 1249 εἰρῆσὲαι)
350 1205 466 1248 ciminii
489 1213 563 1249 post
585 1206 721 1248 εἰρῆσθαι
744 1207 903 1248 eleganter
926 1204 974 1237 0¹¹
998 1211 1031 1237 et
1053 1205 1138 1236 Ven:
1174 1204 1327 1235 omittunt

175 1261 214 1304 μή
239 1264 341 1301 CCC,
371 1261 434 1302 0¹³3
466 1268 498 1294 et
520 1262 654 1304 aiffa-&w
680 1263 730 1293 alii
754 1262 792 1293 ad
815 1262 1001 1300 Platonem,
1031 1261 1081 1292 alii
1105 1261 1144 1292 ad
1167 1260 1325 1292 Aristote-

175 1320 236 1350 lem
260 1320 407 1350 referunt.
454 1318 500 1349 Ita
523 1330 594 1350 cum
618 1319 674 1350 πᾶν
698 1315 809 1360 ἀγαθόν
839 1323 872 1349 et
901 1319 1007 1348 bonum
1035 1319 1065 1347 in
1095 1318 1266 1347 *anivers-um
1293 1320 1327 1346 et

174 1378 273 1406 omnia
293 1377 410 1415 sinfflzla
439 1376 513 1405 bona
537 1375 713 1415 significare
737 1374 855 1415 possit,
886 1379 1020 1414 quatuor
1047 1372 1150 1403 modis
1180 1371 1327 1412 explicari

175 1436 281 1472 potest
304 1431 354 1462 hie
378 1431 483 1461 locus:
514 1431 540 1470 l)
566 1430 634 1461 sine
657 1427 712 1472 μήτ
737 1431 764 1470 a)
789 1428 926 1469 εἰρῆσθαι
951 1428 989 1459 de
1012 1428 1155 1459 Platone.
1203 1427 1255 1458 Sic
1279 1427 1326 1457 in-

175 1487 285 1528 telligit
309 1488 432 1524 Garve,
464 1487 516 1527 qui
542 1487 608 1528 jam
638 1488 788 1525 λεχθεῖσιν
819 1486 858 1516 ad
887 1485 1053 1515 Platonem
1082 1483 1206 1514 retulit:
1242 1484 1328 1513 Noch

176 1543 216 1572 ist
237 1544 300 1573 eine
323 1543 434 1573 undere
450 1543 679 1583 Schmiwiykeit
699 1543 731 1573 in
745 1541 872 1572 Absicm
881 1541 974 1580 jener
997 1540 1200 1570 Platonischen
1222 1539 1328 1569 Ideen-

179 1599 319 1635 leorie,
350 1608 434 1628 wetm
463 1599 508 1628 sie
535 1599 596 1639 arf
617 1599 673 1629 das
698 1598 773 1628 Gute
806 1597 983 1636 anyewandt
1004 1596 1098 1633 wird,
1124 1596 1222 1633 1'1'br1'y.
1267 1594 1329 1624 Die

177 1653 361 1682 Platonisclw
383 1653 453 1683 Jdee
477 1655 528 1684 des
554 1655 649 1685 Galen
678 1655 736 1684 soll
756 1654 804 1684 die
830 1653 1004 1691 Grumllaye
1032 1652 1106 1681 alles
1129 1651 1232 1681 dessen
1253 1650 1328 1687 sein,

177 1718 241 1738 was
265 1709 305 1737 im
327 1708 476 1738 einzelnen
501 1710 601 1749 Dinye
620 1714 674 1749 yut
692 1711 826 1749 yemmnt
846 1708 936 1739 wird.
984 1707 1026 1737 Et
1049 1716 1125 1736 sane
1147 1705 1238 1736 Plato
1261 1705 1329 1745 ipse

177 1774 240 1793 non
266 1762 428 1802 distinguit
450 1763 551 1794 ideam
583 1776 639 1805 per
663 1776 696 1795 se
720 1764 795 1795 boni
819 1763 858 1794 ab
881 1763 951 1794 idea
980 1761 1055 1792 boni
1080 1766 1210 1802 propter
1233 1760 1328 1791 aliud.

178 1817 359 1850 Secundum
395 1818 475 1849 hane
512 1820 752 1859 explicationem
788 1819 936 1851 emendat
965 1817 1152 1848 Aristoteles
1188 1815 1329 1847 Platonis

177 1873 370 1914 opinionem,
396 1873 511 1914 quippe
535 1875 586 1914 qui
610 1876 689 1906 male
713 1876 793 1907 hanc
817 1874 1051 1906 distinctionem
1076 1872 1227 1907 omiserit,
1256 1883 1330 1903 sen-

178 1929 372 1969 tentimnque
403 1930 469 1970 ejus
494 1929 535 1959 ita
560 1931 757 1961 emendatam
789 1937 821 1962 et
844 1931 944 1971 ipsam
970 1930 1093 1960 refutat.
1142 1928 1216 1960 Quo
1247 1927 1330 1958 facto

179 1985 335 2026 ipsissima
359 1984 500 2015 Platonis
524 1985 631 2025 opinio
663 1997 723 2015 unu
748 1987 840 2016 simul
860 1985 1006 2017 concidit.
1053 1986 1137 2016 Nam
1161 1983 1186 2013 si
1210 1993 1250 2014 ne
1273 1992 1329 2023 per

180 2052 214 2072 se
244 2041 398 2071 bonorum
431 2040 557 2081 quidem
589 2051 650 2071 una
681 2046 731 2071 cst
759 2042 935 2072 eommunis
972 2041 1059 2078 idea,
1094 2039 1195 2070 multo
1227 2038 1329 2069 minus

181 2096 239 2127 erit
268 2096 407 2127 (minium
440 2095 593 2126 bonorum
631 2107 691 2126 una
721 2097 897 2127 communis
928 2097 1007 2128 idea.
1061 2096 1092 2135 b)
1127 2092 1261 2134 εῐρῗσθαι
1291 2093 1330 2124 de
