<?xml version="1.0" encoding="UTF-8"?>
<!DOCTYPE html PUBLIC "-//W3C//DTD XHTML 1.0 Transitional//EN"
    "http://www.w3.org/TR/xhtml1/DTD/xhtml1-transitional.dtd">
<html xmlns="http://www.w3.org/1999/xhtml" xml:lang="en" lang="en">
 <head>
  <title>
</title>
<meta http-equiv="Content-Type" content="text/html;charset=utf-8" />
  <meta name='ocr-system' content='tesseract 3.04.00' />
  <meta name='ocr-capabilities' content='ocr_page ocr_carea ocr_par ocr_line ocrx_word'/>
</head>
<body>
  <div class='ocr_page' id='page_1' title='image "./ethicorumnicomac02arisuoft_0071.png"; bbox 0 0 1439 2342; ppageno 0'>
   <div class='ocr_carea' id='block_1_1' title="bbox 0 0 54 2342">
    <p class='ocr_par' dir='ltr' id='par_1_1' title="bbox 0 0 54 2342">
     <span class='ocr_line' id='line_1_1' title="bbox 0 0 54 2342; baseline 0 0"><span class='ocrx_word' id='word_1_1' title='bbox 0 0 54 2342; x_wconf 95' lang='lat' dir='ltr'> </span> 
     </span>
    </p>
   </div>
   <div class='ocr_carea' id='block_1_2' title="bbox 492 55 1254 91">
    <p class='ocr_par' dir='ltr' id='par_1_2' title="bbox 492 55 1254 91">
     <span class='ocr_line' id='line_1_2' title="bbox 492 55 1254 91; baseline -0.003 -8"><span class='ocrx_word' id='word_1_2' title='bbox 492 57 563 83; x_wconf 84' lang='lat' dir='ltr'>Libri</span> <span class='ocrx_word' id='word_1_3' title='bbox 586 57 605 83; x_wconf 92' lang='lat' dir='ltr'>l.</span> <span class='ocrx_word' id='word_1_4' title='bbox 647 56 713 91; x_wconf 83' lang='lat' dir='ltr'>Cap.</span> <span class='ocrx_word' id='word_1_5' title='bbox 735 56 772 82; x_wconf 83' lang='lat' dir='ltr'>IV</span> <span class='ocrx_word' id='word_1_6' title='bbox 794 56 849 89; x_wconf 85' lang='grc' dir='ltr'>(ΙΙ).</span> <span class='ocrx_word' id='word_1_7' title='bbox 1210 55 1254 89; x_wconf 79' lang='grc'>19</span> 
     </span>
    </p>
   </div>
   <div class='ocr_carea' id='block_1_3' title="bbox 95 164 1264 2166">
    <p class='ocr_par' dir='ltr' id='par_1_3' title="bbox 95 164 1255 711">
     <span class='ocr_line' id='line_1_3' title="bbox 96 164 1252 207; baseline -0.001 -10"><span class='ocrx_word' id='word_1_8' title='bbox 96 166 207 197; x_wconf 82' lang='lat' dir='ltr'>clarius</span> <span class='ocrx_word' id='word_1_9' title='bbox 231 166 357 207; x_wconf 90' lang='lat' dir='ltr'>repetit,</span> <span class='ocrx_word' id='word_1_10' title='bbox 379 176 457 207; x_wconf 85' lang='lat' dir='ltr'>quae</span> <span class='ocrx_word' id='word_1_11' title='bbox 480 166 511 196; x_wconf 91' lang='lat' dir='ltr'>in</span> <span class='ocrx_word' id='word_1_12' title='bbox 537 165 666 196; x_wconf 84' lang='lat' dir='ltr'>exordio</span> <span class='ocrx_word' id='word_1_13' title='bbox 684 167 722 204; x_wconf 93' lang='lat' dir='ltr'>(c.</span> <span class='ocrx_word' id='word_1_14' title='bbox 744 164 774 202; x_wconf 85' lang='lat'>1,</span> <span class='ocrx_word' id='word_1_15' title='bbox 798 165 826 205; x_wconf 56' lang='grc' dir='ltr'>ᾧ.</span> <span class='ocrx_word' id='word_1_16' title='bbox 842 166 871 204; x_wconf 82' lang='lat'>1)</span> <span class='ocrx_word' id='word_1_17' title='bbox 896 165 935 196; x_wconf 87' lang='lat' dir='ltr'>de</span> <span class='ocrx_word' id='word_1_18' title='bbox 959 165 1021 195; x_wconf 85' lang='lat' dir='ltr'>fine</span> <span class='ocrx_word' id='word_1_19' title='bbox 1044 165 1135 207; x_wconf 90' lang='lat' dir='ltr'>hujus</span> <span class='ocrx_word' id='word_1_20' title='bbox 1160 165 1252 197; x_wconf 89' lang='lat' dir='ltr'>disci-</span> 
     </span>
     <span class='ocr_line' id='line_1_4' title="bbox 97 217 1253 264; baseline 0.001 -12"><span class='ocrx_word' id='word_1_21' title='bbox 97 222 199 263; x_wconf 83' lang='lat' dir='ltr'>plinae</span> <span class='ocrx_word' id='word_1_22' title='bbox 231 226 448 264; x_wconf 78' lang='lat' dir='ltr'><strong>proposuerat.</strong></span> <span class='ocrx_word' id='word_1_23' title='bbox 476 241 514 246; x_wconf 92' lang='lat'><strong>—</strong></span> <span class='ocrx_word' id='word_1_24' title='bbox 547 217 670 260; x_wconf 63' lang='grc' dir='ltr'>ἀγαθόν)</span> <span class='ocrx_word' id='word_1_25' title='bbox 703 221 764 252; x_wconf 81' lang='lat' dir='ltr'>Par</span> <span class='ocrx_word' id='word_1_26' title='bbox 792 217 924 261; x_wconf 71' lang='grc' dir='ltr'><em>ὃρεκτῶνε</em></span> <span class='ocrx_word' id='word_1_27' title='bbox 959 221 1100 252; x_wconf 88' lang='lat' dir='ltr'>nonnulli</span> <span class='ocrx_word' id='word_1_28' title='bbox 1124 217 1253 262; x_wconf 61' lang='grc' dir='ltr'><em>ἀγαθῶν,</em></span> 
     </span>
     <span class='ocr_line' id='line_1_5' title="bbox 95 276 1253 320; baseline 0 -11"><span class='ocrx_word' id='word_1_29' title='bbox 95 278 178 309; x_wconf 86' lang='lat' dir='ltr'>inter</span> <span class='ocrx_word' id='word_1_30' title='bbox 189 288 268 320; x_wconf 83' lang='lat' dir='ltr'>quos</span> <span class='ocrx_word' id='word_1_31' title='bbox 277 278 357 315; x_wconf 90' lang='lat' dir='ltr'>Ven,</span> <span class='ocrx_word' id='word_1_32' title='bbox 366 276 556 314; x_wconf 82' lang='lat' dir='ltr'>Eustratius,</span> <span class='ocrx_word' id='word_1_33' title='bbox 567 276 697 314; x_wconf 69' lang='lat' dir='ltr'>Comes,</span> <span class='ocrx_word' id='word_1_34' title='bbox 711 281 744 307; x_wconf 88' lang='lat' dir='ltr'>et</span> <span class='ocrx_word' id='word_1_35' title='bbox 751 276 926 315; x_wconf 87' lang='lat' dir='ltr'>Bekkerus,</span> <span class='ocrx_word' id='word_1_36' title='bbox 940 277 1027 318; x_wconf 89' lang='lat' dir='ltr'>cujus</span> <span class='ocrx_word' id='word_1_37' title='bbox 1038 282 1103 309; x_wconf 88' lang='lat' dir='ltr'>tres</span> <span class='ocrx_word' id='word_1_38' title='bbox 1117 277 1253 316; x_wconf 84' lang='lat' dir='ltr'>codices,</span> 
     </span>
     <span class='ocr_line' id='line_1_6' title="bbox 96 330 1253 374; baseline -0.001 -9"><span class='ocrx_word' id='word_1_39' title='bbox 96 332 142 365; x_wconf 66' lang='lat' dir='ltr'>Kb</span> <span class='ocrx_word' id='word_1_40' title='bbox 167 332 385 374; x_wconf 82' lang='lat' dir='ltr'>(dissentiente</span> <span class='ocrx_word' id='word_1_41' title='bbox 409 332 615 371; x_wconf 66' lang='lat' dir='ltr'>Cardu-ello),</span> <span class='ocrx_word' id='word_1_42' title='bbox 644 331 700 370; x_wconf 83' lang='lat' dir='ltr'>L¹&#39;‚</span> <span class='ocrx_word' id='word_1_43' title='bbox 724 330 782 370; x_wconf 70' lang='lat' dir='ltr'>Nb,</span> <span class='ocrx_word' id='word_1_44' title='bbox 806 333 887 364; x_wconf 87' lang='lat' dir='ltr'>hanc</span> <span class='ocrx_word' id='word_1_45' title='bbox 911 333 1079 364; x_wconf 88' lang='lat' dir='ltr'>lectionem</span> <span class='ocrx_word' id='word_1_46' title='bbox 1103 333 1253 372; x_wconf 84' lang='lat' dir='ltr'>afferunt3</span> 
     </span>
     <span class='ocr_line' id='line_1_7' title="bbox 97 387 1254 430; baseline 0 -10"><span class='ocrx_word' id='word_1_47' title='bbox 97 389 194 422; x_wconf 90' lang='lat' dir='ltr'>habet</span> <span class='ocrx_word' id='word_1_48' title='bbox 216 389 261 420; x_wconf 90' lang='lat' dir='ltr'>sic</span> <span class='ocrx_word' id='word_1_49' title='bbox 285 394 317 420; x_wconf 91' lang='lat' dir='ltr'>et</span> <span class='ocrx_word' id='word_1_50' title='bbox 339 388 413 420; x_wconf 89' lang='lat' dir='ltr'>Nc.</span> <span class='ocrx_word' id='word_1_51' title='bbox 459 388 543 419; x_wconf 88' lang='lat' dir='ltr'>Tum</span> <span class='ocrx_word' id='word_1_52' title='bbox 573 388 706 427; x_wconf 77' lang='grc' dir='ltr'><em>πρακτῶν</em></span> <span class='ocrx_word' id='word_1_53' title='bbox 737 398 801 418; x_wconf 82' lang='grc' dir='ltr'>ηοη</span> <span class='ocrx_word' id='word_1_54' title='bbox 825 388 864 419; x_wconf 90' lang='lat' dir='ltr'>de</span> <span class='ocrx_word' id='word_1_55' title='bbox 893 387 987 419; x_wconf 85' lang='lat' dir='ltr'>rebus</span> <span class='ocrx_word' id='word_1_56' title='bbox 1019 389 1165 430; x_wconf 83' lang='lat' dir='ltr'>agendis,</span> <span class='ocrx_word' id='word_1_57' title='bbox 1198 388 1254 420; x_wconf 90' lang='lat' dir='ltr'>sed</span> 
     </span>
     <span class='ocr_line' id='line_1_8' title="bbox 96 443 1254 486; baseline -0.001 -10"><span class='ocrx_word' id='word_1_58' title='bbox 96 445 172 486; x_wconf 87' lang='lat' dir='ltr'>ipsis</span> <span class='ocrx_word' id='word_1_59' title='bbox 196 445 235 476; x_wconf 88' lang='lat' dir='ltr'>de</span> <span class='ocrx_word' id='word_1_60' title='bbox 258 444 374 475; x_wconf 89' lang='lat' dir='ltr'>finibus</span> <span class='ocrx_word' id='word_1_61' title='bbox 397 444 458 475; x_wconf 93' lang='lat' dir='ltr'>hoc</span> <span class='ocrx_word' id='word_1_62' title='bbox 481 443 606 485; x_wconf 88' lang='lat' dir='ltr'>quidem</span> <span class='ocrx_word' id='word_1_63' title='bbox 629 443 700 474; x_wconf 92' lang='lat' dir='ltr'>loco</span> <span class='ocrx_word' id='word_1_64' title='bbox 724 443 822 484; x_wconf 86' lang='lat' dir='ltr'>accipi</span> <span class='ocrx_word' id='word_1_65' title='bbox 838 443 968 475; x_wconf 82' lang='lat' dir='ltr'><strong>deberet</strong></span> <span class='ocrx_word' id='word_1_66' title='bbox 993 444 1075 484; x_wconf 84' lang='lat' dir='ltr'>(vide</span> <span class='ocrx_word' id='word_1_67' title='bbox 1099 455 1193 485; x_wconf 85' lang='lat' dir='ltr'>supra</span> <span class='ocrx_word' id='word_1_68' title='bbox 1215 445 1254 475; x_wconf 90' lang='lat' dir='ltr'>ad</span> 
     </span>
     <span class='ocr_line' id='line_1_9' title="bbox 96 499 1254 542; baseline -0.002 -10"><span class='ocrx_word' id='word_1_69' title='bbox 96 513 122 532; x_wconf 92' lang='lat' dir='ltr'>c.</span> <span class='ocrx_word' id='word_1_70' title='bbox 147 501 186 538; x_wconf 87' lang='lat'>2,</span> <span class='ocrx_word' id='word_1_71' title='bbox 212 501 240 542; x_wconf 64' lang='grc' dir='ltr'>ξ.</span> <span class='ocrx_word' id='word_1_72' title='bbox 267 501 308 540; x_wconf 87' lang='grc'>1).</span> <span class='ocrx_word' id='word_1_73' title='bbox 355 501 476 531; x_wconf 86' lang='lat' dir='ltr'>Auctor</span> <span class='ocrx_word' id='word_1_74' title='bbox 498 500 589 541; x_wconf 89' lang='lat' dir='ltr'>hujus</span> <span class='ocrx_word' id='word_1_75' title='bbox 613 499 757 531; x_wconf 87' lang='lat' dir='ltr'>lectionis</span> <span class='ocrx_word' id='word_1_76' title='bbox 789 504 838 530; x_wconf 87' lang='lat' dir='ltr'>est</span> <span class='ocrx_word' id='word_1_77' title='bbox 861 499 992 531; x_wconf 85' lang='lat' dir='ltr'>forsitan</span> <span class='ocrx_word' id='word_1_78' title='bbox 1015 500 1254 541; x_wconf 82' lang='lat' dir='ltr'>paraphrastes,</span> 
     </span>
     <span class='ocr_line' id='line_1_10' title="bbox 97 552 1255 598; baseline -0.002 -10"><span class='ocrx_word' id='word_1_79' title='bbox 97 557 148 598; x_wconf 81' lang='lat' dir='ltr'>qui</span> <span class='ocrx_word' id='word_1_80' title='bbox 172 555 284 588; x_wconf 81' lang='lat' dir='ltr'>habet:</span> <span class='ocrx_word' id='word_1_81' title='bbox 317 555 349 587; x_wconf 80' lang='grc' dir='ltr'>τί</span> <span class='ocrx_word' id='word_1_82' title='bbox 367 552 400 587; x_wconf 64' lang='lat' dir='ltr'>T&amp;</span> <span class='ocrx_word' id='word_1_83' title='bbox 424 552 534 587; x_wconf 65' lang='grc' dir='ltr'><em>πάντων</em></span> <span class='ocrx_word' id='word_1_84' title='bbox 557 552 716 596; x_wconf 67' lang='grc' dir='ltr'><em>ἀκρότατον</em></span> <span class='ocrx_word' id='word_1_85' title='bbox 745 555 798 586; x_wconf 77' lang='grc' dir='ltr'>τῶν</span> <span class='ocrx_word' id='word_1_86' title='bbox 822 555 984 595; x_wconf 72' lang='grc' dir='ltr'><em>πρακτικῶν</em></span> <span class='ocrx_word' id='word_1_87' title='bbox 1014 552 1143 597; x_wconf 61' lang='grc' dir='ltr'><em>ἀγαθῶν.</em></span> <span class='ocrx_word' id='word_1_88' title='bbox 1190 555 1255 587; x_wconf 88' lang='lat' dir='ltr'>Sed</span> 
     </span>
     <span class='ocr_line' id='line_1_11' title="bbox 97 611 1254 653; baseline -0.001 -9"><span class='ocrx_word' id='word_1_89' title='bbox 97 613 221 650; x_wconf 85' lang='lat' dir='ltr'>melius,</span> <span class='ocrx_word' id='word_1_90' title='bbox 247 617 370 644; x_wconf 75' lang='lat' dir='ltr'>servata</span> <span class='ocrx_word' id='word_1_91' title='bbox 393 611 529 644; x_wconf 86' lang='lat' dir='ltr'>lectione</span> <span class='ocrx_word' id='word_1_92' title='bbox 554 613 688 653; x_wconf 86' lang='lat' dir='ltr'>vulgata,</span> <span class='ocrx_word' id='word_1_93' title='bbox 711 611 897 643; x_wconf 86' lang='lat' dir='ltr'>nominativi</span> <span class='ocrx_word' id='word_1_94' title='bbox 921 617 953 643; x_wconf 88' lang='lat' dir='ltr'>et</span> <span class='ocrx_word' id='word_1_95' title='bbox 975 611 1104 653; x_wconf 86' lang='lat' dir='ltr'>genitivi</span> <span class='ocrx_word' id='word_1_96' title='bbox 1126 611 1254 653; x_wconf 90' lang='lat' dir='ltr'>paribus</span> 
     </span>
     <span class='ocr_line' id='line_1_12' title="bbox 96 668 476 711; baseline -0.003 -11"><span class='ocrx_word' id='word_1_97' title='bbox 96 668 267 700; x_wconf 86' lang='lat' dir='ltr'>intervallis</span> <span class='ocrx_word' id='word_1_98' title='bbox 292 673 476 711; x_wconf 89' lang='lat' dir='ltr'>sequuntur.</span> 
     </span>
    </p>

    <p class='ocr_par' dir='ltr' id='par_1_4' title="bbox 95 723 1264 2166">
     <span class='ocr_line' id='line_1_13' title="bbox 186 723 1255 766; baseline -0.001 -10"><span class='ocrx_word' id='word_1_99' title='bbox 186 725 214 766; x_wconf 66' lang='grc' dir='ltr'>ξ.</span> <span class='ocrx_word' id='word_1_100' title='bbox 228 725 258 758; x_wconf 89' lang='grc'>2.</span> <span class='ocrx_word' id='word_1_101' title='bbox 289 725 313 756; x_wconf 80' lang='grc' dir='ltr'>οἱ</span> <span class='ocrx_word' id='word_1_102' title='bbox 326 724 479 765; x_wconf 54' lang='grc' dir='ltr'><em>χαρίεντες)</em></span> <span class='ocrx_word' id='word_1_103' title='bbox 498 723 604 755; x_wconf 86' lang='lat' dir='ltr'>Schol.</span> <span class='ocrx_word' id='word_1_104' title='bbox 618 723 689 755; x_wconf 90' lang='lat' dir='ltr'>cod.</span> <span class='ocrx_word' id='word_1_105' title='bbox 702 724 774 755; x_wconf 87' lang='lat' dir='ltr'>Par.</span> <span class='ocrx_word' id='word_1_106' title='bbox 788 724 871 765; x_wconf 85' lang='lat' dir='ltr'>apud</span> <span class='ocrx_word' id='word_1_107' title='bbox 884 723 1035 755; x_wconf 86' lang='lat' dir='ltr'>Zellium:</span> <span class='ocrx_word' id='word_1_108' title='bbox 1057 724 1082 755; x_wconf 82' lang='grc' dir='ltr'>οἱ</span> <span class='ocrx_word' id='word_1_109' title='bbox 1098 725 1255 755; x_wconf 70' lang='grc' dir='ltr'><em>πεπαιδευ-</em></span> 
     </span>
     <span class='ocr_line' id='line_1_14' title="bbox 96 777 1257 823; baseline -0.003 -10"><span class='ocrx_word' id='word_1_110' title='bbox 96 781 170 823; x_wconf 77' lang='grc' dir='ltr'><em>μένει</em></span> <span class='ocrx_word' id='word_1_111' title='bbox 202 777 340 819; x_wconf 73' lang='grc' dir='ltr'>ὃπωςοῧν,</span> <span class='ocrx_word' id='word_1_112' title='bbox 369 780 395 812; x_wconf 82' lang='grc' dir='ltr'>οἱ</span> <span class='ocrx_word' id='word_1_113' title='bbox 425 779 523 819; x_wconf 81' lang='grc' dir='ltr'>σοφοί.</span> <span class='ocrx_word' id='word_1_114' title='bbox 570 779 624 811; x_wconf 88' lang='lat' dir='ltr'>Sic</span> <span class='ocrx_word' id='word_1_115' title='bbox 653 779 756 819; x_wconf 73' lang='grc' dir='ltr'><em>ἰατρῶν</em></span> <span class='ocrx_word' id='word_1_116' title='bbox 786 779 811 810; x_wconf 79' lang='grc' dir='ltr'>οἳ</span> <span class='ocrx_word' id='word_1_117' title='bbox 839 778 982 820; x_wconf 60' lang='grc' dir='ltr'><em>χαρίεντε,-</em></span> <span class='ocrx_word' id='word_1_118' title='bbox 1013 780 1052 821; x_wconf 86' lang='lat' dir='ltr'>(c.</span> <span class='ocrx_word' id='word_1_119' title='bbox 1079 779 1136 818; x_wconf 86' lang='lat'>13,</span> <span class='ocrx_word' id='word_1_120' title='bbox 1161 780 1189 821; x_wconf 59' lang='grc' dir='ltr'>ᾗ.</span> <span class='ocrx_word' id='word_1_121' title='bbox 1214 780 1257 820; x_wconf 83' lang='lat'>7),</span> 
     </span>
     <span class='ocr_line' id='line_1_15' title="bbox 95 835 1257 880; baseline -0.002 -11"><span class='ocrx_word' id='word_1_122' title='bbox 95 843 130 869; x_wconf 89' lang='lat' dir='ltr'>ut</span> <span class='ocrx_word' id='word_1_123' title='bbox 148 839 215 880; x_wconf 86' lang='lat' dir='ltr'>jam</span> <span class='ocrx_word' id='word_1_124' title='bbox 238 837 318 868; x_wconf 86' lang='lat' dir='ltr'>vidit</span> <span class='ocrx_word' id='word_1_125' title='bbox 340 836 477 874; x_wconf 86' lang='lat' dir='ltr'>Zellius,</span> <span class='ocrx_word' id='word_1_126' title='bbox 505 841 580 867; x_wconf 87' lang='lat' dir='ltr'>sunt</span> <span class='ocrx_word' id='word_1_127' title='bbox 600 835 707 874; x_wconf 87' lang='lat' dir='ltr'>iidem,</span> <span class='ocrx_word' id='word_1_128' title='bbox 732 846 822 877; x_wconf 83' lang='lat' dir='ltr'>quOS,</span> <span class='ocrx_word' id='word_1_129' title='bbox 848 835 887 867; x_wconf 92' lang='lat' dir='ltr'>de</span> <span class='ocrx_word' id='word_1_130' title='bbox 911 847 1009 867; x_wconf 90' lang='lat' dir='ltr'>sensu</span> <span class='ocrx_word' id='word_1_131' title='bbox 1032 847 1059 868; x_wconf 89' lang='lat' dir='ltr'>c.</span> <span class='ocrx_word' id='word_1_132' title='bbox 1086 837 1115 874; x_wconf 92' lang='lat'>1,</span> <span class='ocrx_word' id='word_1_133' title='bbox 1137 837 1257 868; x_wconf 92' lang='lat' dir='ltr'>Noster</span> 
     </span>
     <span class='ocr_line' id='line_1_16' title="bbox 95 888 1257 934; baseline -0.003 -8"><span class='ocrx_word' id='word_1_134' title='bbox 95 894 171 926; x_wconf 86' lang='lat' dir='ltr'>dicit</span> <span class='ocrx_word' id='word_1_135' title='bbox 206 891 448 933; x_wconf 76' lang='grc' dir='ltr'>φιλοσοφωτέρως</span> <span class='ocrx_word' id='word_1_136' title='bbox 484 889 532 933; x_wconf 74' lang='grc' dir='ltr'>τὴν</span> <span class='ocrx_word' id='word_1_137' title='bbox 568 891 667 933; x_wconf 75' lang='grc' dir='ltr'><em>τέχνην</em></span> <span class='ocrx_word' id='word_1_138' title='bbox 697 888 852 934; x_wconf 68' lang='grc' dir='ltr'><em>μετιόντας.</em></span> <span class='ocrx_word' id='word_1_139' title='bbox 906 892 1026 924; x_wconf 84' lang='lat' dir='ltr'>Coraes</span> <span class='ocrx_word' id='word_1_140' title='bbox 1061 893 1086 923; x_wconf 79' lang='grc' dir='ltr'>οἳ</span> <span class='ocrx_word' id='word_1_141' title='bbox 1114 891 1257 933; x_wconf 80' lang='grc' dir='ltr'><em>χαρίεντες</em></span> 
     </span>
     <span class='ocr_line' id='line_1_17' title="bbox 95 941 1258 991; baseline -0.001 -10"><span class='ocrx_word' id='word_1_142' title='bbox 95 950 233 991; x_wconf 86' lang='lat' dir='ltr'>explicat</span> <span class='ocrx_word' id='word_1_143' title='bbox 261 949 388 990; x_wconf 81' lang='lat' dir='ltr'>gallice:</span> <span class='ocrx_word' id='word_1_144' title='bbox 423 951 552 980; x_wconf 75' lang='lat' dir='ltr'>hommes</span> <span class='ocrx_word' id='word_1_145' title='bbox 580 950 727 980; x_wconf 64' lang='lat' dir='ltr'>instruite.</span> <span class='ocrx_word' id='word_1_146' title='bbox 752 968 794 973; x_wconf 84' lang='lat'>--</span> <span class='ocrx_word' id='word_1_147' title='bbox 826 941 858 979; x_wconf 68' lang='grc' dir='ltr'>εἷ’]</span> <span class='ocrx_word' id='word_1_148' title='bbox 887 945 1031 988; x_wconf 73' lang='grc' dir='ltr'><em>πράττειν)</em></span> <span class='ocrx_word' id='word_1_149' title='bbox 1064 948 1195 980; x_wconf 84' lang='lat' dir='ltr'>Graecis</span> <span class='ocrx_word' id='word_1_150' title='bbox 1227 942 1258 980; x_wconf 69' lang='grc' dir='ltr'>εἶ’]</span> 
     </span>
     <span class='ocr_line' id='line_1_18' title="bbox 99 1002 1258 1045; baseline 0 -9"><span class='ocrx_word' id='word_1_151' title='bbox 99 1002 231 1045; x_wconf 71' lang='grc' dir='ltr'>πράττειν</span> <span class='ocrx_word' id='word_1_152' title='bbox 261 1010 294 1036; x_wconf 90' lang='lat' dir='ltr'>et</span> <span class='ocrx_word' id='word_1_153' title='bbox 324 1004 405 1035; x_wconf 90' lang='lat' dir='ltr'>bene</span> <span class='ocrx_word' id='word_1_154' title='bbox 435 1015 468 1035; x_wconf 90' lang='lat' dir='ltr'>se</span> <span class='ocrx_word' id='word_1_155' title='bbox 499 1004 615 1036; x_wconf 88' lang='lat' dir='ltr'>habere</span> <span class='ocrx_word' id='word_1_156' title='bbox 646 1010 679 1035; x_wconf 89' lang='lat' dir='ltr'>et</span> <span class='ocrx_word' id='word_1_157' title='bbox 700 1009 786 1035; x_wconf 87' lang='lat' dir='ltr'>recta</span> <span class='ocrx_word' id='word_1_158' title='bbox 818 1015 909 1045; x_wconf 86' lang='lat' dir='ltr'>agere</span> <span class='ocrx_word' id='word_1_159' title='bbox 932 1009 991 1036; x_wconf 89' lang='lat' dir='ltr'>est.</span> <span class='ocrx_word' id='word_1_160' title='bbox 1040 1005 1258 1037; x_wconf 72' lang='lat' dir='ltr'>Quamobrem</span> 
     </span>
     <span class='ocr_line' id='line_1_19' title="bbox 98 1060 1259 1102; baseline -0.001 -9"><span class='ocrx_word' id='word_1_161' title='bbox 98 1062 176 1093; x_wconf 85' lang='lat' dir='ltr'>haec</span> <span class='ocrx_word' id='word_1_162' title='bbox 200 1072 261 1092; x_wconf 81' lang='lat' dir='ltr'>vox</span> <span class='ocrx_word' id='word_1_163' title='bbox 285 1060 449 1092; x_wconf 85' lang='lat' dir='ltr'>Aristoteli</span> <span class='ocrx_word' id='word_1_164' title='bbox 473 1060 585 1098; x_wconf 79' lang='lat' dir='ltr'>arrisit,</span> <span class='ocrx_word' id='word_1_165' title='bbox 612 1061 727 1102; x_wconf 89' lang='lat' dir='ltr'>quippe</span> <span class='ocrx_word' id='word_1_166' title='bbox 752 1061 804 1102; x_wconf 90' lang='lat' dir='ltr'>qui</span> <span class='ocrx_word' id='word_1_167' title='bbox 825 1060 1008 1092; x_wconf 85' lang='lat' dir='ltr'>felicitatem</span> <span class='ocrx_word' id='word_1_168' title='bbox 1032 1061 1064 1091; x_wconf 91' lang='lat' dir='ltr'>in</span> <span class='ocrx_word' id='word_1_169' title='bbox 1087 1061 1203 1092; x_wconf 85' lang='lat' dir='ltr'>virtute</span> <span class='ocrx_word' id='word_1_170' title='bbox 1226 1065 1259 1092; x_wconf 88' lang='lat' dir='ltr'>et</span> 
     </span>
     <span class='ocr_line' id='line_1_20' title="bbox 98 1115 1258 1157; baseline 0 -9"><span class='ocrx_word' id='word_1_171' title='bbox 98 1118 247 1148; x_wconf 87' lang='lat' dir='ltr'>virtutem</span> <span class='ocrx_word' id='word_1_172' title='bbox 278 1116 310 1147; x_wconf 84' lang='lat' dir='ltr'>in</span> <span class='ocrx_word' id='word_1_173' title='bbox 333 1116 427 1147; x_wconf 90' lang='lat' dir='ltr'>rebus</span> <span class='ocrx_word' id='word_1_174' title='bbox 453 1116 534 1147; x_wconf 91' lang='lat' dir='ltr'>bene</span> <span class='ocrx_word' id='word_1_175' title='bbox 561 1116 691 1157; x_wconf 82' lang='lat' dir='ltr'>agendis</span> <span class='ocrx_word' id='word_1_176' title='bbox 711 1117 864 1157; x_wconf 84' lang='lat' dir='ltr'>posuerit.</span> <span class='ocrx_word' id='word_1_177' title='bbox 886 1135 929 1139; x_wconf 39' lang='grc' dir='ltr'><strong>ἡ</strong></span> <span class='ocrx_word' id='word_1_178' title='bbox 951 1115 990 1154; x_wconf 76' lang='grc' dir='ltr'>τίς</span> <span class='ocrx_word' id='word_1_179' title='bbox 1014 1116 1099 1157; x_wconf 78' lang='grc' dir='ltr'><em>ἐστιν)</em></span> <span class='ocrx_word' id='word_1_180' title='bbox 1132 1117 1258 1148; x_wconf 89' lang='lat' dir='ltr'>Bekke-</span> 
     </span>
     <span class='ocr_line' id='line_1_21' title="bbox 96 1170 1258 1214; baseline 0 -10"><span class='ocrx_word' id='word_1_181' title='bbox 96 1185 150 1204; x_wconf 88' lang='lat' dir='ltr'>rus</span> <span class='ocrx_word' id='word_1_182' title='bbox 181 1172 355 1204; x_wconf 85' lang='lat' dir='ltr'>secundum</span> <span class='ocrx_word' id='word_1_183' title='bbox 386 1173 522 1214; x_wconf 89' lang='lat' dir='ltr'>quinque</span> <span class='ocrx_word' id='word_1_184' title='bbox 557 1172 701 1210; x_wconf 88' lang='lat' dir='ltr'>codices,</span> <span class='ocrx_word' id='word_1_185' title='bbox 736 1172 799 1210; x_wconf 67' lang='lat' dir='ltr'>H³,</span> <span class='ocrx_word' id='word_1_186' title='bbox 828 1170 875 1203; x_wconf 83' lang='lat' dir='ltr'>Kb</span> <span class='ocrx_word' id='word_1_187' title='bbox 906 1173 1116 1211; x_wconf 87' lang='lat' dir='ltr'>(Cardwellus</span> <span class='ocrx_word' id='word_1_188' title='bbox 1152 1178 1258 1204; x_wconf 80' lang='lat' dir='ltr'>tamen</span> 
     </span>
     <span class='ocr_line' id='line_1_22' title="bbox 97 1226 1257 1270; baseline 0 -10"><span class='ocrx_word' id='word_1_189' title='bbox 97 1229 267 1261; x_wconf 86' lang='lat' dir='ltr'>lectionem</span> <span class='ocrx_word' id='word_1_190' title='bbox 291 1239 356 1259; x_wconf 90' lang='lat' dir='ltr'>non</span> <span class='ocrx_word' id='word_1_191' title='bbox 381 1229 504 1266; x_wconf 78' lang='lat' dir='ltr'>affert),</span> <span class='ocrx_word' id='word_1_192' title='bbox 537 1226 592 1266; x_wconf 73' lang='lat' dir='ltr'>Lb,</span> <span class='ocrx_word' id='word_1_193' title='bbox 623 1226 687 1265; x_wconf 62' lang='lat' dir='ltr'>Mb,</span> <span class='ocrx_word' id='word_1_194' title='bbox 718 1226 776 1266; x_wconf 73' lang='lat' dir='ltr'>Nb‚</span> <span class='ocrx_word' id='word_1_195' title='bbox 807 1233 840 1259; x_wconf 87' lang='lat' dir='ltr'>et</span> <span class='ocrx_word' id='word_1_196' title='bbox 869 1229 931 1259; x_wconf 88' lang='lat' dir='ltr'>Ald</span> <span class='ocrx_word' id='word_1_197' title='bbox 966 1229 1076 1270; x_wconf 86' lang='lat' dir='ltr'>legunt</span> <span class='ocrx_word' id='word_1_198' title='bbox 1110 1228 1141 1259; x_wconf 84' lang='grc' dir='ltr'>τί</span> <span class='ocrx_word' id='word_1_199' title='bbox 1173 1229 1257 1260; x_wconf 76' lang='grc' dir='ltr'><em>ἐστιν.</em></span> 
     </span>
     <span class='ocr_line' id='line_1_23' title="bbox 96 1279 1258 1326; baseline -0.001 -9"><span class='ocrx_word' id='word_1_200' title='bbox 96 1285 278 1317; x_wconf 86' lang='lat' dir='ltr'>Eustratius</span> <span class='ocrx_word' id='word_1_201' title='bbox 303 1285 467 1326; x_wconf 85' lang='lat' dir='ltr'>distinguit</span> <span class='ocrx_word' id='word_1_202' title='bbox 498 1283 538 1321; x_wconf 76' lang='grc' dir='ltr'>τίς</span> <span class='ocrx_word' id='word_1_203' title='bbox 562 1284 637 1315; x_wconf 78' lang='grc' dir='ltr'><em>ἐστιν</em></span> <span class='ocrx_word' id='word_1_204' title='bbox 668 1289 701 1315; x_wconf 88' lang='lat' dir='ltr'>et</span> <span class='ocrx_word' id='word_1_205' title='bbox 724 1283 756 1315; x_wconf 80' lang='grc' dir='ltr'>τί</span> <span class='ocrx_word' id='word_1_206' title='bbox 775 1284 851 1315; x_wconf 68' lang='grc' dir='ltr'><em>ἐστιν</em></span> <span class='ocrx_word' id='word_1_207' title='bbox 880 1284 965 1316; x_wconf 90' lang='lat' dir='ltr'>hunc</span> <span class='ocrx_word' id='word_1_208' title='bbox 987 1285 1019 1315; x_wconf 90' lang='lat' dir='ltr'>in</span> <span class='ocrx_word' id='word_1_209' title='bbox 1043 1285 1192 1316; x_wconf 88' lang='lat' dir='ltr'>modum:</span> <span class='ocrx_word' id='word_1_210' title='bbox 1224 1279 1258 1316; x_wconf 68' lang='grc' dir='ltr'>ὧν</span> 
     </span>
     <span class='ocr_line' id='line_1_24' title="bbox 98 1337 1257 1383; baseline -0.001 -10"><span class='ocrx_word' id='word_1_211' title='bbox 98 1339 130 1373; x_wconf 77' lang='grc' dir='ltr'>τὸ</span> <span class='ocrx_word' id='word_1_212' title='bbox 154 1341 200 1383; x_wconf 69' lang='grc' dir='ltr'>μὲν</span> <span class='ocrx_word' id='word_1_213' title='bbox 224 1341 276 1372; x_wconf 70' lang='grc' dir='ltr'>τεῦ</span> <span class='ocrx_word' id='word_1_214' title='bbox 298 1337 489 1383; x_wconf 72' lang='grc' dir='ltr'>ὑποκειμένου,</span> <span class='ocrx_word' id='word_1_215' title='bbox 514 1337 547 1371; x_wconf 63' lang='lat' dir='ltr'>T&amp;</span> <span class='ocrx_word' id='word_1_216' title='bbox 570 1339 601 1372; x_wconf 69' lang='grc' dir='ltr'>ἑὲ</span> <span class='ocrx_word' id='word_1_217' title='bbox 622 1340 673 1371; x_wconf 72' lang='grc' dir='ltr'>τοῦ</span> <span class='ocrx_word' id='word_1_218' title='bbox 696 1337 849 1378; x_wconf 73' lang='grc' dir='ltr'>οὗσιώὸους</span> <span class='ocrx_word' id='word_1_219' title='bbox 873 1337 959 1381; x_wconf 72' lang='grc' dir='ltr'>λόγου</span> <span class='ocrx_word' id='word_1_220' title='bbox 983 1339 1149 1381; x_wconf 66' lang='grc' dir='ltr'><em>δηλωτικόν.</em></span> <span class='ocrx_word' id='word_1_221' title='bbox 1184 1341 1257 1372; x_wconf 85' lang='lat' dir='ltr'>Zel-</span> 
     </span>
     <span class='ocr_line' id='line_1_25' title="bbox 98 1395 1258 1438; baseline -0.003 -9"><span class='ocrx_word' id='word_1_222' title='bbox 98 1399 158 1429; x_wconf 87' lang='lat' dir='ltr'>lius</span> <span class='ocrx_word' id='word_1_223' title='bbox 180 1397 213 1428; x_wconf 86' lang='grc' dir='ltr'>τί</span> <span class='ocrx_word' id='word_1_224' title='bbox 230 1398 269 1428; x_wconf 92' lang='lat' dir='ltr'>ad</span> <span class='ocrx_word' id='word_1_225' title='bbox 292 1408 392 1438; x_wconf 87' lang='lat' dir='ltr'>genus</span> <span class='ocrx_word' id='word_1_226' title='bbox 415 1397 525 1434; x_wconf 82' lang='lat' dir='ltr'>refert,</span> <span class='ocrx_word' id='word_1_227' title='bbox 550 1395 589 1434; x_wconf 64' lang='grc' dir='ltr'>τίς</span> <span class='ocrx_word' id='word_1_228' title='bbox 614 1397 652 1427; x_wconf 88' lang='lat' dir='ltr'>ad</span> <span class='ocrx_word' id='word_1_229' title='bbox 677 1396 876 1438; x_wconf 76' lang='lat' dir='ltr'>qualitatem3</span> <span class='ocrx_word' id='word_1_230' title='bbox 903 1398 991 1438; x_wconf 88' lang='lat' dir='ltr'>quasi</span> <span class='ocrx_word' id='word_1_231' title='bbox 1014 1397 1076 1427; x_wconf 92' lang='lat' dir='ltr'>hoc</span> <span class='ocrx_word' id='word_1_232' title='bbox 1098 1395 1170 1426; x_wconf 91' lang='lat' dir='ltr'>loco</span> <span class='ocrx_word' id='word_1_233' title='bbox 1193 1405 1258 1425; x_wconf 89' lang='lat' dir='ltr'>non</span> 
     </span>
     <span class='ocr_line' id='line_1_26' title="bbox 100 1452 1259 1496; baseline -0.003 -11"><span class='ocrx_word' id='word_1_234' title='bbox 100 1458 266 1496; x_wconf 85' lang='lat' dir='ltr'>quaeratur</span> <span class='ocrx_word' id='word_1_235' title='bbox 282 1453 322 1484; x_wconf 92' lang='lat' dir='ltr'>de</span> <span class='ocrx_word' id='word_1_236' title='bbox 337 1464 451 1494; x_wconf 86' lang='lat' dir='ltr'>genere</span> <span class='ocrx_word' id='word_1_237' title='bbox 467 1452 682 1490; x_wconf 84' lang='lat' dir='ltr'>beatitudinis,</span> <span class='ocrx_word' id='word_1_238' title='bbox 708 1464 779 1484; x_wconf 90' lang='lat' dir='ltr'>cum</span> <span class='ocrx_word' id='word_1_239' title='bbox 796 1463 907 1484; x_wconf 90' lang='lat' dir='ltr'>omnes</span> <span class='ocrx_word' id='word_1_240' title='bbox 923 1455 955 1485; x_wconf 94' lang='lat' dir='ltr'>in</span> <span class='ocrx_word' id='word_1_241' title='bbox 971 1453 1083 1485; x_wconf 88' lang='lat' dir='ltr'>eadem</span> <span class='ocrx_word' id='word_1_242' title='bbox 1099 1461 1259 1484; x_wconf 84' lang='lat' dir='ltr'>summum</span> 
     </span>
     <span class='ocr_line' id='line_1_27' title="bbox 99 1506 1260 1550; baseline -0.003 -9"><span class='ocrx_word' id='word_1_243' title='bbox 99 1510 217 1541; x_wconf 90' lang='lat' dir='ltr'>bonum</span> <span class='ocrx_word' id='word_1_244' title='bbox 242 1509 382 1550; x_wconf 84' lang='lat' dir='ltr'>positum</span> <span class='ocrx_word' id='word_1_245' title='bbox 407 1519 477 1540; x_wconf 90' lang='lat' dir='ltr'>esse</span> <span class='ocrx_word' id='word_1_246' title='bbox 494 1509 686 1540; x_wconf 85' lang='lat' dir='ltr'>concedant:</span> <span class='ocrx_word' id='word_1_247' title='bbox 712 1509 768 1539; x_wconf 87' lang='lat' dir='ltr'>sed</span> <span class='ocrx_word' id='word_1_248' title='bbox 792 1508 910 1549; x_wconf 87' lang='lat' dir='ltr'>potius,</span> <span class='ocrx_word' id='word_1_249' title='bbox 935 1507 1034 1548; x_wconf 87' lang='lat' dir='ltr'>qualis</span> <span class='ocrx_word' id='word_1_250' title='bbox 1057 1506 1109 1545; x_wconf 88' lang='lat' dir='ltr'>sit,</span> <span class='ocrx_word' id='word_1_251' title='bbox 1133 1517 1260 1548; x_wconf 87' lang='lat' dir='ltr'>nempe,</span> 
     </span>
     <span class='ocr_line' id='line_1_28' title="bbox 101 1562 1261 1607; baseline -0.003 -10"><span class='ocrx_word' id='word_1_252' title='bbox 101 1571 135 1597; x_wconf 88' lang='lat' dir='ltr'>ut</span> <span class='ocrx_word' id='word_1_253' title='bbox 157 1565 322 1607; x_wconf 85' lang='lat' dir='ltr'>sequentia</span> <span class='ocrx_word' id='word_1_254' title='bbox 345 1565 536 1602; x_wconf 87' lang='lat' dir='ltr'>ostendunt,</span> <span class='ocrx_word' id='word_1_255' title='bbox 571 1564 636 1595; x_wconf 88' lang='lat' dir='ltr'>sive</span> <span class='ocrx_word' id='word_1_256' title='bbox 660 1564 806 1605; x_wconf 87' lang='lat' dir='ltr'>voluptas</span> <span class='ocrx_word' id='word_1_257' title='bbox 831 1563 897 1594; x_wconf 80' lang='lat' dir='ltr'>sive</span> <span class='ocrx_word' id='word_1_258' title='bbox 920 1562 1047 1593; x_wconf 89' lang='lat' dir='ltr'>divitiae</span> <span class='ocrx_word' id='word_1_259' title='bbox 1071 1563 1136 1594; x_wconf 86' lang='lat' dir='ltr'>sive</span> <span class='ocrx_word' id='word_1_260' title='bbox 1159 1563 1261 1593; x_wconf 85' lang='lat' dir='ltr'>honor</span> 
     </span>
     <span class='ocr_line' id='line_1_29' title="bbox 101 1617 1261 1662; baseline -0.003 -9"><span class='ocrx_word' id='word_1_261' title='bbox 101 1628 161 1654; x_wconf 86' lang='lat' dir='ltr'>etc.</span> <span class='ocrx_word' id='word_1_262' title='bbox 207 1622 276 1652; x_wconf 91' lang='lat' dir='ltr'>Nec</span> <span class='ocrx_word' id='word_1_263' title='bbox 300 1625 442 1662; x_wconf 84' lang='lat' dir='ltr'>pugnant</span> <span class='ocrx_word' id='word_1_264' title='bbox 464 1621 543 1651; x_wconf 86' lang='lat' dir='ltr'>haec</span> <span class='ocrx_word' id='word_1_265' title='bbox 566 1632 637 1652; x_wconf 87' lang='lat' dir='ltr'>cum</span> <span class='ocrx_word' id='word_1_266' title='bbox 662 1619 815 1651; x_wconf 86' lang='lat' dir='ltr'>Eustratii</span> <span class='ocrx_word' id='word_1_267' title='bbox 847 1619 1067 1661; x_wconf 84' lang='lat' dir='ltr'>explicatione.</span> <span class='ocrx_word' id='word_1_268' title='bbox 1114 1617 1158 1649; x_wconf 85' lang='grc' dir='ltr'>Τι’</span> <span class='ocrx_word' id='word_1_269' title='bbox 1176 1619 1261 1649; x_wconf 89' lang='lat' dir='ltr'>enim</span> 
     </span>
     <span class='ocr_line' id='line_1_30' title="bbox 101 1672 1261 1718; baseline -0.003 -9"><span class='ocrx_word' id='word_1_270' title='bbox 101 1678 151 1718; x_wconf 86' lang='lat' dir='ltr'>(ad</span> <span class='ocrx_word' id='word_1_271' title='bbox 176 1674 329 1715; x_wconf 70' lang='grc' dir='ltr'><em>οὗσιώὸους</em></span> <span class='ocrx_word' id='word_1_272' title='bbox 351 1673 438 1717; x_wconf 79' lang='grc' dir='ltr'>λόγου</span> <span class='ocrx_word' id='word_1_273' title='bbox 461 1676 606 1716; x_wconf 88' lang='lat' dir='ltr'>relatum)</span> <span class='ocrx_word' id='word_1_274' title='bbox 631 1680 681 1707; x_wconf 92' lang='lat' dir='ltr'>est</span> <span class='ocrx_word' id='word_1_275' title='bbox 704 1672 796 1712; x_wconf 75' lang='grc' dir='ltr'><em>οὐσία,</em></span> <span class='ocrx_word' id='word_1_276' title='bbox 820 1680 857 1706; x_wconf 88' lang='lat' dir='ltr'>ut</span> <span class='ocrx_word' id='word_1_277' title='bbox 880 1685 1006 1716; x_wconf 87' lang='lat' dir='ltr'>semper</span> <span class='ocrx_word' id='word_1_278' title='bbox 1028 1675 1111 1716; x_wconf 88' lang='lat' dir='ltr'>apud</span> <span class='ocrx_word' id='word_1_279' title='bbox 1135 1674 1261 1706; x_wconf 91' lang='lat' dir='ltr'>Aristo-</span> 
     </span>
     <span class='ocr_line' id='line_1_31' title="bbox 100 1731 1259 1773; baseline -0.003 -8"><span class='ocrx_word' id='word_1_280' title='bbox 100 1734 205 1771; x_wconf 86' lang='lat' dir='ltr'>telem,</span> <span class='ocrx_word' id='word_1_281' title='bbox 234 1732 374 1764; x_wconf 86' lang='lat' dir='ltr'>essentia</span> <span class='ocrx_word' id='word_1_282' title='bbox 397 1732 446 1763; x_wconf 83' lang='lat' dir='ltr'>vel</span> <span class='ocrx_word' id='word_1_283' title='bbox 470 1737 582 1763; x_wconf 85' lang='lat' dir='ltr'>natura</span> <span class='ocrx_word' id='word_1_284' title='bbox 605 1732 735 1773; x_wconf 89' lang='lat' dir='ltr'>alicujus</span> <span class='ocrx_word' id='word_1_285' title='bbox 758 1731 804 1762; x_wconf 93' lang='lat' dir='ltr'>rei</span> <span class='ocrx_word' id='word_1_286' title='bbox 828 1731 860 1762; x_wconf 90' lang='lat' dir='ltr'>in</span> <span class='ocrx_word' id='word_1_287' title='bbox 882 1731 1076 1769; x_wconf 89' lang='lat' dir='ltr'>universum,</span> <span class='ocrx_word' id='word_1_288' title='bbox 1100 1741 1179 1773; x_wconf 84' lang='lat' dir='ltr'>quae</span> <span class='ocrx_word' id='word_1_289' title='bbox 1203 1731 1259 1762; x_wconf 90' lang='lat' dir='ltr'>de-</span> 
     </span>
     <span class='ocr_line' id='line_1_32' title="bbox 100 1780 1260 1828; baseline -0.003 -7"><span class='ocrx_word' id='word_1_290' title='bbox 100 1789 243 1821; x_wconf 90' lang='lat' dir='ltr'>finitione</span> <span class='ocrx_word' id='word_1_291' title='bbox 267 1788 463 1827; x_wconf 78' lang='lat' dir='ltr'>continetur3</span> <span class='ocrx_word' id='word_1_292' title='bbox 488 1794 521 1820; x_wconf 88' lang='lat' dir='ltr'>et</span> <span class='ocrx_word' id='word_1_293' title='bbox 543 1788 605 1820; x_wconf 91' lang='lat' dir='ltr'>hoc</span> <span class='ocrx_word' id='word_1_294' title='bbox 628 1788 699 1820; x_wconf 91' lang='lat' dir='ltr'>loco</span> <span class='ocrx_word' id='word_1_295' title='bbox 723 1784 756 1818; x_wconf 74' lang='grc' dir='ltr'>τὸ</span> <span class='ocrx_word' id='word_1_296' title='bbox 779 1787 810 1819; x_wconf 80' lang='grc' dir='ltr'>τί</span> <span class='ocrx_word' id='word_1_297' title='bbox 831 1787 892 1828; x_wconf 91' lang='lat' dir='ltr'>(vel</span> <span class='ocrx_word' id='word_1_298' title='bbox 915 1783 949 1818; x_wconf 77' lang='grc' dir='ltr'>τὸ</span> <span class='ocrx_word' id='word_1_299' title='bbox 974 1786 1004 1818; x_wconf 81' lang='grc' dir='ltr'>τί</span> <span class='ocrx_word' id='word_1_300' title='bbox 1023 1780 1054 1828; x_wconf 57' lang='grc' dir='ltr'>ἦν</span> <span class='ocrx_word' id='word_1_301' title='bbox 1078 1785 1170 1827; x_wconf 72' lang='grc' dir='ltr'>εἶναι),</span> <span class='ocrx_word' id='word_1_302' title='bbox 1194 1787 1214 1818; x_wconf 92' lang='lat' dir='ltr'>i.</span> <span class='ocrx_word' id='word_1_303' title='bbox 1232 1797 1260 1818; x_wconf 90' lang='lat' dir='ltr'>e.</span> 
     </span>
     <span class='ocr_line' id='line_1_33' title="bbox 100 1839 1262 1888; baseline -0.003 -11"><span class='ocrx_word' id='word_1_304' title='bbox 100 1856 199 1888; x_wconf 89' lang='lat' dir='ltr'>genus</span> <span class='ocrx_word' id='word_1_305' title='bbox 223 1844 439 1883; x_wconf 81' lang='lat' dir='ltr'>beatitudinis,</span> <span class='ocrx_word' id='word_1_306' title='bbox 463 1849 550 1876; x_wconf 90' lang='lat' dir='ltr'>esset</span> <span class='ocrx_word' id='word_1_307' title='bbox 574 1855 733 1875; x_wconf 85' lang='lat' dir='ltr'>summum</span> <span class='ocrx_word' id='word_1_308' title='bbox 756 1843 887 1875; x_wconf 89' lang='lat' dir='ltr'>bonum.</span> <span class='ocrx_word' id='word_1_309' title='bbox 935 1842 985 1881; x_wconf 81' lang='grc' dir='ltr'>Τίς</span> <span class='ocrx_word' id='word_1_310' title='bbox 1009 1843 1060 1884; x_wconf 87' lang='lat' dir='ltr'>(ad</span> <span class='ocrx_word' id='word_1_311' title='bbox 1081 1839 1262 1885; x_wconf 69' lang='grc' dir='ltr'><em>ὑποκειμένου</em></span> 
     </span>
     <span class='ocr_line' id='line_1_34' title="bbox 100 1899 1263 1942; baseline -0.003 -9"><span class='ocrx_word' id='word_1_312' title='bbox 100 1902 246 1941; x_wconf 74' lang='lat' dir='ltr'>relatum)</span> <span class='ocrx_word' id='word_1_313' title='bbox 271 1901 310 1932; x_wconf 92' lang='lat' dir='ltr'>de</span> <span class='ocrx_word' id='word_1_314' title='bbox 334 1900 478 1942; x_wconf 88' lang='lat' dir='ltr'>subjecto</span> <span class='ocrx_word' id='word_1_315' title='bbox 502 1900 552 1932; x_wconf 90' lang='lat' dir='ltr'>vel</span> <span class='ocrx_word' id='word_1_316' title='bbox 575 1900 705 1932; x_wconf 88' lang='lat' dir='ltr'>materia</span> <span class='ocrx_word' id='word_1_317' title='bbox 727 1899 859 1941; x_wconf 86' lang='lat' dir='ltr'>intelligi</span> <span class='ocrx_word' id='word_1_318' title='bbox 874 1899 1022 1931; x_wconf 86' lang='lat' dir='ltr'>deberet:</span> <span class='ocrx_word' id='word_1_319' title='bbox 1046 1910 1164 1941; x_wconf 89' lang='lat' dir='ltr'>nempe</span> <span class='ocrx_word' id='word_1_320' title='bbox 1183 1910 1263 1940; x_wconf 90' lang='lat' dir='ltr'>quae</span> 
     </span>
     <span class='ocr_line' id='line_1_35' title="bbox 102 1955 1264 1999; baseline -0.003 -11"><span class='ocrx_word' id='word_1_321' title='bbox 102 1957 143 1988; x_wconf 91' lang='lat' dir='ltr'>sit</span> <span class='ocrx_word' id='word_1_322' title='bbox 165 1957 297 1988; x_wconf 85' lang='lat' dir='ltr'>materia</span> <span class='ocrx_word' id='word_1_323' title='bbox 319 1957 370 1989; x_wconf 83' lang='lat' dir='ltr'>vel</span> <span class='ocrx_word' id='word_1_324' title='bbox 387 1957 531 1999; x_wconf 84' lang='lat' dir='ltr'>qualitas,</span> <span class='ocrx_word' id='word_1_325' title='bbox 556 1968 616 1998; x_wconf 84' lang='lat' dir='ltr'>qua</span> <span class='ocrx_word' id='word_1_326' title='bbox 640 1960 766 1988; x_wconf 85' lang='lat' dir='ltr'>constet</span> <span class='ocrx_word' id='word_1_327' title='bbox 788 1967 948 1988; x_wconf 87' lang='lat' dir='ltr'>summum</span> <span class='ocrx_word' id='word_1_328' title='bbox 971 1956 1047 1987; x_wconf 89' lang='lat' dir='ltr'>illud</span> <span class='ocrx_word' id='word_1_329' title='bbox 1069 1955 1200 1993; x_wconf 89' lang='lat' dir='ltr'>bonum,</span> <span class='ocrx_word' id='word_1_330' title='bbox 1224 1955 1264 1986; x_wconf 88' lang='lat' dir='ltr'>de</span> 
     </span>
     <span class='ocr_line' id='line_1_36' title="bbox 101 2011 1264 2055; baseline -0.003 -11"><span class='ocrx_word' id='word_1_331' title='bbox 101 2014 190 2055; x_wconf 88' lang='lat' dir='ltr'>cujus</span> <span class='ocrx_word' id='word_1_332' title='bbox 207 2012 392 2044; x_wconf 88' lang='lat' dir='ltr'>definitione</span> <span class='ocrx_word' id='word_1_333' title='bbox 409 2013 613 2051; x_wconf 84' lang='lat' dir='ltr'>conveniunt,</span> <span class='ocrx_word' id='word_1_334' title='bbox 636 2018 743 2044; x_wconf 86' lang='lat' dir='ltr'>utrum</span> <span class='ocrx_word' id='word_1_335' title='bbox 758 2013 904 2054; x_wconf 90' lang='lat' dir='ltr'>voluptas</span> <span class='ocrx_word' id='word_1_336' title='bbox 921 2013 972 2050; x_wconf 88' lang='lat' dir='ltr'>sit,</span> <span class='ocrx_word' id='word_1_337' title='bbox 995 2023 1035 2043; x_wconf 85' lang='lat' dir='ltr'>an</span> <span class='ocrx_word' id='word_1_338' title='bbox 1052 2011 1180 2042; x_wconf 88' lang='lat' dir='ltr'>divitiae</span> <span class='ocrx_word' id='word_1_339' title='bbox 1204 2015 1264 2042; x_wconf 88' lang='lat' dir='ltr'>etc.</span> 
     </span>
     <span class='ocr_line' id='line_1_37' title="bbox 101 2065 1264 2110; baseline -0.003 -10"><span class='ocrx_word' id='word_1_340' title='bbox 101 2069 383 2101; x_wconf 89' lang='lat' dir='ltr'>Verumenimvero</span> <span class='ocrx_word' id='word_1_341' title='bbox 422 2065 598 2110; x_wconf 79' lang='grc' dir='ltr'><em>ὑποκείμενον</em></span> <span class='ocrx_word' id='word_1_342' title='bbox 636 2074 669 2100; x_wconf 88' lang='lat' dir='ltr'>et</span> <span class='ocrx_word' id='word_1_343' title='bbox 709 2065 793 2100; x_wconf 78' lang='grc' dir='ltr'><em>οὐσία</em></span> <span class='ocrx_word' id='word_1_344' title='bbox 831 2074 905 2100; x_wconf 86' lang='lat' dir='ltr'>sunt</span> <span class='ocrx_word' id='word_1_345' title='bbox 939 2068 1023 2109; x_wconf 82' lang='lat' dir='ltr'>apud</span> <span class='ocrx_word' id='word_1_346' title='bbox 1058 2066 1264 2099; x_wconf 85' lang='lat' dir='ltr'>Aristotelem</span> 
     </span>
     <span class='ocr_line' id='line_1_38' title="bbox 104 2123 1264 2166; baseline -0.002 -10"><span class='ocrx_word' id='word_1_347' title='bbox 104 2125 259 2166; x_wconf 86' lang='lat' dir='ltr'>(Metaph.</span> <span class='ocrx_word' id='word_1_348' title='bbox 284 2125 315 2164; x_wconf 82' lang='grc' dir='ltr'>Ι,</span> <span class='ocrx_word' id='word_1_349' title='bbox 341 2125 371 2165; x_wconf 91' lang='lat'>3)</span> <span class='ocrx_word' id='word_1_350' title='bbox 405 2137 499 2156; x_wconf 84' lang='lat' dir='ltr'>causa</span> <span class='ocrx_word' id='word_1_351' title='bbox 522 2125 693 2156; x_wconf 80' lang='lat' dir='ltr'>materialis</span> <span class='ocrx_word' id='word_1_352' title='bbox 718 2130 750 2156; x_wconf 91' lang='lat' dir='ltr'>et</span> <span class='ocrx_word' id='word_1_353' title='bbox 774 2136 869 2156; x_wconf 83' lang='lat' dir='ltr'>causa</span> <span class='ocrx_word' id='word_1_354' title='bbox 892 2124 1051 2162; x_wconf 81' lang='lat' dir='ltr'>formalis3</span> <span class='ocrx_word' id='word_1_355' title='bbox 1081 2129 1114 2156; x_wconf 84' lang='lat' dir='ltr'>et</span> <span class='ocrx_word' id='word_1_356' title='bbox 1137 2124 1177 2156; x_wconf 92' lang='lat' dir='ltr'>ad</span> <span class='ocrx_word' id='word_1_357' title='bbox 1199 2123 1264 2155; x_wconf 85' lang='lat' dir='ltr'>for-</span> 
     </span>
    </p>
   </div>
   <div class='ocr_carea' id='block_1_4' title="bbox 1036 2178 1065 2204">
    <p class='ocr_par' dir='ltr' id='par_1_5' title="bbox 1036 2178 1065 2204">
     <span class='ocr_line' id='line_1_39' title="bbox 1036 2178 1065 2204; baseline -0.034 0"><span class='ocrx_word' id='word_1_358' title='bbox 1036 2178 1065 2204; x_wconf 70' lang='lat'>⁴2.</span> 
     </span>
    </p>
   </div>
  </div>
 </body>
</html>
