1439 2342
187 62 257 98 112
464 64 643 90 Commentur.
667 63 700 89 ad
720 62 830 90 Aristot.
852 63 939 90 Ethic.
961 63 1064 90 Nicom.

272 174 300 214 §.
326 172 377 205 10.
423 167 442 212 ἡ
465 170 495 201 ὸὲ
519 169 697 210 προαίρεσις)
721 165 738 210 ἡ
762 169 924 209 προαίρεσις
947 170 980 202 δέ
1000 171 1181 211 Belem-ua,
1205 173 1276 205 Par.

272 229 301 269 ᾗ,
327 226 379 260 13.
425 221 444 267 ἦ
467 225 508 266 τῷ
532 221 641 266 ὀρθῶς)
666 218 685 266 ἦ
702 225 753 257 hic
772 235 847 264 non,
871 230 907 257 ut
923 226 1046 268 putavit
1061 227 1230 268 Victorius,
1253 229 1338 262 valet

182 294 269 326 quam
304 282 409 324 (quod
439 281 566 324 quidem
595 286 726 323 propter
752 280 862 323 μᾶλλον
889 283 1159 324 exspectaveris),
1194 285 1251 317 sed
1273 289 1337 323 mat,-

182 349 296 381 nempe
319 338 508 370 Aristoteles
538 338 730 380 praemissae
759 338 934 380 categoriae
963 340 1038 380 quid
1063 339 1223 382 subjungit
1251 346 1337 373 cate-

181 395 301 437 goriam
323 395 472 435 qzwnwdo.
519 394 722 436 Propositum
738 394 891 432 laudatur,
916 395 942 426 si
958 395 1079 436 agimus
1095 407 1169 436 quae
1184 396 1337 429 debemus

182 457 215 483 et
232 452 373 492 quomodo
395 449 558 482 debemus.
605 450 830 491 paraphrastes
847 450 983 491 priorem
1001 452 1189 493 categoriam
1206 453 1336 492 induxit,

182 507 301 539 omissa
323 507 437 539 altera:
470 501 535 537 grav
559 503 768 548 προαιρούμεθα
794 499 813 537 Z?
837 508 888 538 δεῖ.
920 527 962 531 —
986 507 1028 547 τῷ
1048 504 1182 549 ἀληθῶς)
1206 505 1240 546 ὡς
1264 514 1337 540 ante

181 560 300 604 ἀληθῶς
320 563 441 594 addunt
463 563 540 599 Par,
563 560 620 600 Kb,
643 561 701 600 Nb,
727 560 792 600 Ob;
823 561 867 593 sic
891 562 1084 594 Cardwellus
1107 568 1140 595 et
1163 563 1336 596 Bekkerus.

180 619 338 660 Intellige:
376 617 416 659 τῷ
439 617 506 649 εἶναι
531 614 659 659 άληθῶς.
706 618 947 659 Paraphrastes:
978 614 995 658 ἡ
1026 617 1055 649 ὁὶ
1080 616 1150 660 ὁόξα
1174 620 1337 657 ἐπαινεῖται,

182 670 248 706 ὅταν
271 671 433 715 δοξάζωμεν
455 670 493 704 τοὶ
518 670 629 715 ἀληθῆ.

269 731 297 772 ξ.
325 729 375 762 14.
422 726 459 760 τοὶ
484 725 612 770 ἄριστα)
641 742 670 760 τε
694 721 801 766 ἔρια-τα
827 729 1019 761 Cardwellus
1043 736 1076 762 et
1099 730 1262 763 Bekkerus
1285 741 1335 763 se-

181 786 318 819 cundum
342 786 397 824 H¹¹‚
421 784 478 824 Kb,
502 783 566 824 Nb;
590 785 651 816 Par
674 798 719 821 τε,
743 786 862 817 omisso
886 778 1003 826 ἄριστα.

270 843 298 883 ᾧ.
326 841 377 873 16.
424 838 459 880 ὥς
483 833 532 880 ἕν)
561 842 637 873 Non
660 846 710 873 est
733 842 794 873 hoc
817 842 943 883 quidem
967 843 1038 873 loco
1062 842 1257 874 accusativus
1280 841 1336 874 ab-

181 898 321 937 solutus,
357 897 396 929 ad
427 896 590 937 προαίρεσιν
624 897 822 936 referendus,
856 903 893 928 ut
922 899 1094 929 secundum
1123 897 1337 930 Camerarium

182 955 279 986 voluit
308 953 442 991 Zellius‚
480 952 605 985 etiamsi
636 953 792 995 ejusmodi
823 954 1090 993 accusativorum,
1127 954 1335 995 praecedente

181 1007 217 1049 ὥς
240 1010 290 1042 vel
312 1003 401 1049 ὥςπερ
426 1009 552 1046 (Buttm.
580 1009 636 1040 Gr.
663 1010 721 1040 Gr.
747 1009 774 1050 ᾧ.
801 1009 874 1048 132,
897 1010 987 1041 Anm.
1008 1010 1054 1047 5),
1079 1010 1250 1042 admodum
1274 1010 1336 1040 fre-

182 1076 281 1107 quens
305 1064 389 1106 apud
413 1064 618 1096 Aristotelem
641 1065 683 1095 sit
704 1075 798 1095 usus:
822 1065 860 1095 cf.
883 1064 953 1096 infr.
977 1077 1004 1097 c.
1025 1065 1056 1103 5,
1081 1066 1109 1107 ξ.
1133 1065 1169 1105 9;
1193 1066 1234 1103 Χ,
1259 1076 1286 1097 c.
1305 1065 1335 1104 2,

182 1122 210 1163 ᾧ.
236 1121 274 1159 3;
298 1120 345 1158 Χ,
371 1131 398 1151 c·
424 1120 453 1158 9,
479 1121 507 1161 ξ.
536 1121 585 1152 17.
633 1120 697 1152 Sed
722 1120 772 1152 vel
795 1131 867 1151 cum
890 1120 1045 1152 Lanibino
1077 1122 1116 1152 ad
1140 1114 1262 1164 τοῦνομα
1285 1131 1335 1153 re-

180 1178 278 1208 feras:
314 1182 462 1217 tanquam
492 1187 566 1217 prae
596 1176 709 1208 ceteris
738 1175 927 1217 eligendum.
979 1177 1036 1208 Vel
1065 1177 1170 1218 potius
1200 1173 1235 1214 ιῦς
1264 1187 1334 1208 cum

179 1229 378 1274 ὑποσημαίνειν
395 1233 511 1273 junge:
541 1242 645 1263 nomen
668 1234 765 1272 ipsum
789 1234 936 1272 prcmositi
955 1234 1118 1273 aiym'ficat,
1143 1242 1207 1263 esse
1227 1234 1337 1264 ceteris

174 1288 427 1330 praeponendum.

269 1343 367 1375 CAP.
391 1343 450 1373 ΙΙΙ.
486 1344 513 1384 ξ.
534 1344 561 1374 1.
598 1344 693 1385 (Cap.
711 1344 765 1382 V.)
800 1336 831 1374 ἄν
856 1356 894 1381 τις
917 1340 1124 1382 βουλεύσαιτο)
1147 1340 1336 1381 βουλεύσαιτο

182 1394 212 1431 ἇν
236 1413 275 1437 τις
299 1401 374 1438 Par;
410 1396 592 1435 βσυλεύσαιτ)
617 1392 648 1430 ιῖν
671 1412 710 1437 τις
742 1399 934 1431 Cardwellus
966 1405 999 1430 et
1022 1399 1186 1431 Bekkerus
1219 1409 1257 1430 ex
1280 1399 1310 1430 H
1326 1421 1336 1436 ,

182 1455 236 1493 Kb,
261 1455 317 1491 Νι),
341 1454 397 1486 Ο’·.

269 1512 297 1552 ξ.
320 1512 350 1544 3.
397 1510 445 1551 τῆς
469 1511 636 1553 διαμέτρου)
661 1511 796 1552 Semper
819 1511 902 1552 apud
922 1510 1127 1542 Aristotelem
1153 1511 1192 1542 de
1215 1511 1336 1542 incom-

181 1567 448 1599 mensurabilitate
473 1567 572 1598 lineae
597 1567 769 1608 diagonalis
790 1572 823 1598 et
837 1567 942 1598 lateris
959 1567 1102 1608 quadrati
1117 1566 1335 1608 accipiendum

182 1629 240 1662 est,
258 1623 354 1655 etiam
370 1622 396 1653 si
413 1623 532 1654 omittit
554 1622 602 1664 τῆς
620 1622 742 1663 πλευρᾶς
766 1623 860 1661 (Met.
878 1622 900 1660 l,
925 1624 962 1662 23
987 1623 1080 1654 Rhet.
1097 1622 1134 1661 Π,
1161 1622 1228 1663 19),
1255 1633 1336 1654 nun-

181 1690 275 1721 quam
305 1679 344 1710 de
375 1679 563 1720 quadratura
591 1679 708 1711 circuli.
755 1679 838 1710 Nam
871 1678 1245 1711 commensurabilitatem
1269 1678 1336 1710 fieri

181 1746 245 1767 non
269 1744 364 1776 posse
388 1735 498 1774 (Rhet.
524 1734 559 1773 11,
591 1734 653 1774 19),
681 1740 713 1766 et
736 1735 1146 1767 incommensurabilitatem
1170 1734 1335 1766 veritatem

181 1796 340 1824 aeternam
365 1801 434 1821 esse
465 1790 538 1831 (De
562 1801 633 1831 gen.
658 1791 784 1822 animal.
809 1791 852 1830 Π,
883 1791 924 1831 6)
959 1791 1146 1822 Aristoteles
1176 1790 1269 1829 dicit3
1304 1790 1336 1821 id

182 1848 266 1889 quod
290 1847 329 1878 de
353 1846 542 1887 quadratura
565 1846 691 1887 quidem
717 1847 834 1886 circuli,
861 1847 984 1879 etiamsi
1007 1846 1104 1888 probe
1128 1846 1334 1887 perspexerit,

183 1915 275 1945 quam
309 1913 456 1943 magnam
491 1902 706 1933 difficultatem
743 1903 898 1944 ejusmodi
933 1913 1081 1934 mensura
1115 1902 1230 1934 habeat
1264 1902 1336 1942 (De
1379 1894 1387 1899 ’

183 1959 314 1991 auscult.
330 1959 421 2000 phys.
438 1958 461 1995 1,
485 1957 530 1998 2),
549 1958 616 1999 jam
638 1968 696 1999 pro
720 1964 806 1990 certo
830 1959 982 1990 affirmare
1006 1959 1092 1990 nullo
1109 1958 1205 1990 modo
1221 1957 1335 2000 potuit,

183 2027 253 2046 cum
278 2014 484 2046 Archimedes
515 2014 633 2055 primus
663 2013 776 2044 librum
808 2015 847 2046 de
870 2015 932 2047 hoc
955 2014 1152 2056 problemate
1175 2013 1336 2055 scripserit

183 2076 216 2102 et
231 2070 421 2102 Lambertus
445 2070 572 2101 demum
593 2069 998 2102 incommensurabilitatem
1015 2069 1204 2112 probaverit.
1244 2069 1335 2102 Quo-

185 2127 279 2157 modo
303 2131 419 2164 autem,
444 2125 599 2167 diagonali
621 2130 653 2156 et
677 2125 765 2156 lateri
781 2126 922 2167 quadrati
939 2136 1139 2157 communem
1155 2135 1335 2157 mensuram
