1439 2342
157 57 204 92 40
435 57 617 82 Comme-nter.
638 53 673 79 ad
694 54 804 80 Ariston.
825 53 912 79 Ethic.
934 52 1037 78 Nicom.

160 166 220 197 Hic
255 169 359 195 autem
395 161 548 192 habemus
582 159 855 190 ratiocinationem
889 157 1139 199 philosophicam
1180 163 1213 189 et
1245 167 1312 189 rem

162 218 398 261 impossibilem.
450 216 563 256 Neque
598 214 705 245 obstat
737 214 827 246 locus
862 224 880 244 a
907 213 1008 245 Zellio
1043 213 1082 245 ad
1116 212 1311 254 probandam

163 286 251 307 suam
274 272 442 304 lectionem
465 271 593 302 citatus:
618 269 688 300 infr.
711 269 758 306 X,
781 280 808 300 c.
834 267 871 307 9,
898 269 926 310 ᾧ.
953 270 1003 301 15.
1036 266 1154 300 κάλλιον
1178 261 1210 310 ἦν
1233 267 1310 307 ἴσως.

163 333 226 362 Res
250 331 344 366 enim,
369 327 408 358 de
431 338 492 368 qua
514 326 566 357 illo
590 326 660 356 loco
685 324 801 366 agitur,
824 324 892 355 fieri
913 330 1035 365 potest3
1060 335 1120 356 nec
1142 324 1221 356 vidit
1242 324 1315 356 Zel-

163 387 237 422 lius,
262 383 465 415 Aristotelem
489 380 555 419 ἴσως
580 381 741 422 adjecisse.
767 397 808 401 —
832 377 937 420 πόνοις)
961 379 1094 411 Zellius:
1119 380 1202 411 Sunt
1225 389 1316 412 exer-

164 440 329 472 citationes
358 437 589 480 gymnasticae,
621 441 656 467 ut
685 441 770 467 recte
801 435 953 466 admonet
976 435 1153 476 Giphanius
1183 435 1317 467 laudatis

163 496 240 528 locis
264 494 407 535 Metaph.
430 494 475 531 V,
500 494 530 526 2.
557 488 588 522 τὸ
613 493 701 522 πονεῖν
725 489 814 522 αἴτιον
836 494 886 532 τῆς
909 487 1029 532 εὐεξίαςε
1053 491 1158 523 Ethic.
1181 491 1253 523 Nic.
1278 491 1316 529 ll,

168 563 194 583 c.
219 552 257 589 2,
282 551 309 591 ξ.
334 549 529 588 8;.Euden1.
554 547 596 585 ll,
624 548 636 578 l
665 547 704 578 ad
727 547 781 578 fin.

253 606 282 646 ξ.
307 607 337 637 5.
383 604 471 635 Haec
494 607 603 644 quarta
631 603 711 634 ratio
741 613 805 634 non
834 603 973 644 pertinet
1003 608 1126 633 tantum
1154 603 1193 634 ad
1216 602 1319 634 ideam

166 663 338 697 bonorum,
379 659 435 690 sed
470 658 680 690 communiter
713 658 753 689 ad
787 669 898 689 omnes
933 658 1019 689 ideas
1053 657 1249 696 Platonicus,
1285 663 1320 689 ut

166 715 346 748 Eustratius
365 715 431 756 jam
451 714 629 753 adnotavit;
654 715 874 746 accommodat
896 719 1001 745 tamen
1018 713 1217 751 Aristoteles,
1242 724 1321 755 quae

167 774 198 804 in
222 771 402 803 universum
424 770 565 801 idearum
589 770 750 801 doctrinae
775 770 951 811 objecerat,
981 770 1020 800 ad
1043 769 1146 800 ideam
1170 769 1255 800 boni.
1277 787 1321 792 —

168 826 204 865 εἴς
226 825 274 858 καὶ
305 823 319 857 ὃ
343 822 427 863 αὐτὸς
455 822 547 866 λόγος)
585 826 667 857 Cum
697 825 839 857 definitio
869 831 901 856 et
930 825 1107 856 substantia
1137 824 1321 856 universalis

169 882 304 915 hominis
339 887 371 913 et
399 881 535 912 hominis
563 881 727 922 singularis
764 892 827 912 una
856 880 1028 922 eademque
1060 880 1119 918 sit,
1155 887 1229 912 sunt
1262 881 1323 922 ipsi

170 950 265 970 unum
290 943 322 969 et
344 937 445 975 idem3
477 942 613 978 possunt
642 937 736 978 igitur
758 937 848 967 ideae
879 947 942 967 non
974 936 1113 977 separari
1140 948 1158 967 a
1181 936 1322 977 singulis,

171 1006 241 1026 curn
265 1004 324 1024 nec
347 993 489 1024 diversae
512 992 576 1023 sint
599 992 638 1023 ab
661 992 710 1023 iis.

260 1050 288 1090 ξ.
313 1048 343 1080 G.
391 1047 431 1089 τῷ
456 1044 544 1079 dam
567 1046 646 1088 εἶναι)
678 1048 866 1079 Differentia
888 1047 1040 1089 temporis
1063 1059 1127 1079 non
1155 1053 1257 1078 mutat
1279 1047 1324 1078 rei

173 1104 397 1142 substantiam,
434 1108 654 1145 servaturque,
693 1109 729 1135 ut
767 1103 842 1135 dicit
879 1103 1076 1142 Eustratius‚
1118 1104 1149 1134 in
1184 1103 1324 1144 utrisque

173 1161 283 1192 eadem
305 1160 383 1191 ratio
409 1156 529 1200 (λέγος);
552 1159 704 1201 temporis
727 1159 811 1190 enim
835 1159 1009 1190 differentia
1033 1165 1082 1190 est
1106 1159 1136 1190 in
1153 1159 1325 1190 accidente.

175 1217 361 1257 Vituperant
396 1215 575 1246 Eustratius
614 1220 647 1246 et
678 1215 877 1247 Camerarius
908 1215 1131 1252 Aristotelem,
1168 1214 1252 1256 quod
1286 1214 1326 1254 τῷ

175 1269 264 1303 άΐὸιεν
286 1277 398 1312 postea
423 1271 619 1302 substituerit
643 1268 839 1310 πολυχρόνιον,
865 1271 952 1311 quasi
970 1270 1145 1311 praestigiis
1161 1269 1327 1301 verborum

172 1327 282 1358 lectori
294 1326 455 1367 imponere
471 1327 561 1365 velit3
578 1326 747 1358 similitudo
764 1326 858 1364 enim,
871 1337 950 1367 quae
963 1326 1001 1356 de
1015 1325 1167 1356 diuturnis
1181 1330 1212 1356 et
1224 1325 1327 1356 minus

174 1382 327 1414 diuturnis
340 1381 433 1413 rebus
447 1383 647 1421 concedatur,
655 1381 786 1413 concedi
791 1382 856 1423 jam
870 1392 934 1412 non
944 1392 1039 1422 posse
1049 1381 1170 1412 videtur
1178 1381 1217 1412 de
1225 1386 1326 1412 aeter-

175 1438 224 1469 nis
239 1443 271 1469 et
287 1438 422 1469 caducis.
453 1438 518 1469 Sed
531 1438 591 1469 hoe
606 1438 676 1469 loco
692 1441 813 1479 pugnat
825 1436 1012 1468 Aristoteles
1027 1436 1176 1468 adversus
1194 1447 1261 1475 eos,
1276 1436 1328 1478 qui

175 1493 261 1524 ideas
291 1499 437 1534 separant
468 1505 486 1524 a
516 1493 655 1535 singulis.
680 1493 717 1531 li,
748 1493 800 1534 qui
823 1492 910 1523 ideas
939 1492 989 1523 vel
1018 1493 1135 1524 formas
1165 1503 1270 1522 rerum
1293 1497 1329 1523 ut

176 1549 314 1588 ipsarum
339 1548 530 1580 substantias
556 1549 633 1590 ipsis
657 1548 749 1580 rebus
773 1548 884 1579 insitas
910 1558 980 1579 esse
1004 1552 1134 1588 putant,
1160 1548 1244 1589 jam,
1269 1547 1328 1578 etsi

177 1608 308 1643 pereant
332 1604 471 1644 singulae
494 1615 560 1642 res,
593 1605 810 1636 aeternitatem
840 1604 1009 1634 formarum
1033 1603 1234 1641 adseverant,
1263 1603 1329 1634 sive

179 1658 209 1687 in
234 1658 291 1688 hac
315 1664 440 1689 exstent
461 1659 525 1690 sive
548 1660 579 1690 in
596 1660 647 1691 illa
666 1671 699 1691 re
716 1659 848 1691 caduca:
874 1665 924 1690 est
939 1659 1022 1689 enim
1039 1663 1200 1690 aeternum
1216 1658 1329 1689 immu-

179 1712 274 1743 tabile
298 1713 430 1754 aliquid,
461 1714 489 1744 in
516 1715 655 1756 quolibet
678 1715 829 1757 temporis
860 1719 1024 1746 momento
1047 1718 1150 1744 totum
1173 1713 1328 1751 existens3

179 1768 318 1809 singulae
342 1768 432 1809 igitur
455 1780 504 1800 res
527 1770 615 1810 ipsae
640 1775 797 1810 aeternae,
822 1770 963 1812 quamvis
984 1769 1128 1801 caducae..
1169 1769 1233 1801 Qui
1255 1778 1329 1800 vero

179 1823 266 1855 ideas
291 1828 438 1864 separant
461 1835 479 1854 a
501 1824 593 1855 rebus
619 1826 764 1867 singulis,
794 1826 854 1857 illis
879 1825 1046 1857 aeternitas
1070 1824 1147 1855 nihil
1175 1824 1259 1855 aliud
1281 1830 1330 1855 est

180 1884 273 1920 atque
297 1878 455 1909 infinitum
486 1880 636 1920 temporis
662 1882 814 1921 spatium,
846 1881 945 1923 quod,
975 1892 1047 1912 cum
1075 1879 1213 1921 percurri
1234 1890 1330 1921 reque

180 1933 315 1965 existere
339 1946 499 1976 nunquam
522 1935 635 1975 possit,
659 1935 741 1967 idem
766 1942 815 1968 est
838 1949 873 1969 ac
892 1936 1091 1968 diuturnitas.
1137 1936 1244 1976 ltaque
1266 1945 1329 1966 non

180 2000 219 2020 ex
248 2000 322 2021 vera
344 1989 529 2031 Philosophi
558 1991 731 2028 sententia,
767 1993 822 2023 sed
852 2003 890 2023 ex
914 1992 991 2023 salsa
1020 1992 1153 2022 istorum
1183 1990 1330 2031 opinione

181 2041 268 2075 ἇΐὸιεν
292 2050 325 2076 et
347 2042 533 2084 πολυχρόνιον
556 2045 639 2077 idem
665 2051 729 2084 est3
761 2047 859 2087 quod,
890 2059 961 2079 cum
985 2047 1078 2079 istam
1109 2046 1236 2078 studeat
1258 2045 1328 2077 Ari-
