1439 2342
467 53 541 81 Libri
561 54 607 82 1v.
649 53 714 89 cap.
735 53 774 80 m
801 53 882 88 (vn).
1186 51 1255 88 141

190 162 218 203 ᾖ.
243 161 275 193 3.
321 160 464 204 σώφρων)
493 163 688 195 Felicianus:
712 163 880 202 „Verbum
903 163 982 202 hoc,
1018 172 1081 205 quo
1111 162 1163 195 hic
1191 163 1256 194 uti-

101 222 152 250 tur
173 217 378 256 Aristoteles,
409 218 440 250 in
472 229 543 250 eam
567 218 831 261 significationem
861 231 880 250 a
902 218 995 251 nobis
1025 223 1076 251 est
1098 218 1255 261 accipien-

99 274 190 312 dum,
223 278 260 305 ut
294 284 358 305 non
388 273 428 305 de
459 274 576 306 virtute
607 274 735 313 morali,
770 275 997 316 temperantia,
1035 275 1256 317 intelligamus,

99 329 155 361 sed
178 329 218 360 de
241 329 375 360 naturali
399 329 536 370 quadam
560 329 744 370 prudentia,
774 341 868 372 quam
897 330 1086 362 modestiam
1117 330 1256 372 appella·

98 395 187 416 mus:
224 395 285 426 qua
308 385 361 423 fit,
396 389 432 416 ut
454 385 674 427 unusquisque
705 386 822 417 mentis
853 396 986 428 compos
1019 386 1077 425 sit,
1111 386 1256 428 viresque

99 451 171 472 suas
189 451 225 471 ac
241 440 427 481 dignitatem
447 440 567 482 optime
584 443 770 481 agnoscat.“
817 441 870 473 Sic
893 441 962 482 ipse
978 442 1168 473 Aristoteles
1185 441 1255 484 (VI,

98 507 126 528 c.
151 496 183 534 5,
207 496 234 537 ξ.
252 496 290 537 6)
323 493 510 538 σωφροσύνην
545 495 747 538 prudentiam
783 497 943 535 nominat,
973 498 1074 539 quod,
1105 502 1256 539 tanquam

97 551 241 584 liberatio
265 552 466 593 cupiditatis,
494 552 695 594 prudentiam
725 552 775 585 vel
797 553 954 584 rationem
978 558 1145 585 conservet
1153 566 1162 593 3
1196 564 1255 585 no-

99 613 233 640 strates:
264 609 491 640 Resonnenheit.
546 608 625 640 Vide
658 619 738 651 quae
771 609 833 640 dixi
863 610 944 650 Syst.
974 610 1004 641 d.
1031 610 1107 650 phil.
1141 610 1256 648 Moral,

98 675 130 706 p.
153 663 230 697 244.

187 720 214 761 ξ.
239 719 270 751 4.
306 719 428 762 χαῦνος)
467 720 506 752 cf.
537 720 753 762 Theophrasti
784 721 1009 760 characteres,
1038 720 1160 753 XXIV:
1192 718 1255 761 περὶ

98 771 300 816 ὑπερηφανίας.

186 832 213 873 ξ.
240 832 270 863 7.
316 826 349 862 ἂν
371 829 432 872 εἴη)
454 831 554 862 Addit
577 831 664 863 solus
688 831 750 863 Par
773 836 806 864 et
828 832 917 864 Ven:
947 831 981 863 τί
1001 826 1047 864 σῧν
1069 831 1149 863 τοῦτ’
1171 830 1255 870 ἔστιν,

99 889 129 920 ἐκ
165 888 214 928 τῆς
250 883 331 928 ἀξίας,
366 886 499 927 ληπτέον.
567 886 788 918 Wilkinsonus
830 887 953 920 uncinis
987 887 1140 920 inclusam
1173 888 1256 920 hanc

99 943 350 977 enuntiationem
372 942 469 975 habet
477 966 487 982 ,
511 943 736 984 praeeuntibus
761 943 847 982 aliis,
876 943 930 986 qui
953 943 1050 976 etiam
1073 948 1255 986 suspectam

97 999 285 1032 habuerunt.

188 1055 216 1096 ξ.
239 1054 271 1086 8.
318 1050 335 1095 ἡ
360 1053 391 1085 δὲ
414 1051 493 1095 ἀξία)
528 1053 652 1086 Virtute
674 1054 836 1096 praeditus
858 1053 946 1086 idem
969 1058 1020 1086 est
1042 1053 1255 1095 dignissimus,

99 1111 152 1154 qui
180 1110 324 1142 maximis
353 1110 446 1142 bonis
477 1110 614 1143 externis
637 1114 782 1149 ornetur,
818 1110 938 1142 scilicet
965 1115 1002 1142 ut
1023 1109 1109 1142 bona
1131 1110 1257 1142 interna

99 1173 132 1199 et
154 1172 284 1200 externa
307 1171 497 1208 aequentur,
521 1166 603 1197 sicut
625 1177 682 1207 par
705 1170 755 1197 est
775 1165 806 1197 in
830 1165 930 1197 felice.

188 1224 216 1265 ξ.
241 1222 272 1255 9.
319 1214 382 1254 ἄνευ
406 1222 437 1253 ὁὲ
461 1218 558 1263 λόγου)
607 1221 741 1252 Zellius:
765 1225 853 1262 patet
864 1231 927 1262 per
948 1231 998 1260 se,
1028 1222 1077 1252 vel
1104 1223 1171 1252 sine
1193 1222 1256 1252 lon-

34 1276 51 1306 Ε
94 1280 177 1320 yiori
199 1280 413 1319 disputatione3
452 1280 694 1319 armamentorum
706 1279 899 1318 firmamento
921 1288 980 1308 mm
1008 1280 1086 1318 eye&
1120 1282 1157 1308 ut
1185 1277 1254 1308 infr.

98 1335 144 1373 V,
172 1346 198 1366 c.
224 1334 261 1373 3,
289 1335 316 1375 ξ.
341 1333 371 1366 3.
419 1334 525 1366 Quem
550 1338 657 1365 autem
681 1333 813 1365 alterum
836 1333 941 1364 locum
965 1332 1037 1372 (VI,
1062 1344 1089 1364 c.
1107 1331 1146 1371 9,
1177 1332 1204 1373 ξ.
1222 1333 1253 1373 2)

98 1390 215 1422 Zellius
239 1390 362 1427 laudat,
397 1389 482 1420 hunc
505 1389 567 1420 huc
589 1389 749 1431 pertinere
771 1400 837 1420 non
861 1388 1011 1426 arbitror,
1046 1399 1119 1420 cum
1143 1399 1255 1419 sensus

97 1446 228 1488 paulum
252 1445 393 1476 diversus
418 1445 468 1476 sit.
523 1444 675 1477 Subtilius
699 1456 793 1487 quam
817 1444 993 1477 accuratius
1016 1448 1169 1475 nostrum·
1186 1444 1255 1485 qui—

98 1502 170 1534 dem
192 1502 297 1534 locum
321 1501 546 1542 interpretatus
573 1506 623 1533 est
645 1501 890 1542 paraphrastes,
915 1500 968 1542 qui
992 1499 1256 1531 demonstrationi

99 1555 217 1599 (λόγῳ),
241 1568 303 1600 qua
325 1557 480 1589 hactenus
504 1567 581 1587 usus
605 1556 647 1588 sit
669 1556 877 1594 Aristoteles,
910 1556 1127 1587 inductionem
1150 1566 1256 1597 oppo-

98 1624 178 1645 nens
209 1613 362 1655 explicat:
402 1609 450 1643 nul
480 1609 569 1652 χωρὶς
599 1611 629 1643 δὲ
660 1608 765 1643 τούτων
796 1608 855 1643 nimi
885 1610 934 1652 τῆς
961 1610 1108 1652 ἐπαγωγῆς
1137 1608 1255 1651 φανερόν

100 1669 184 1701 ἔστιν.
243 1668 419 1701 Lambinus
451 1673 484 1700 et
506 1668 568 1699 hoc
592 1668 689 1699 modo
712 1667 794 1699 verti
815 1678 912 1710 posse
937 1667 1030 1699 dicit:
1059 1667 1163 1708 Neque
1184 1677 1256 1699 vero

98 1727 177 1758 ‘ratio
199 1729 245 1758 est
264 1726 454 1767 quaerenda,
478 1735 534 1756 cur
557 1726 692 1756 dicamus
713 1725 919 1765 maynanimos
940 1725 974 1755 in
995 1724 1105 1755 honore
1119 1724 1255 1759 ver-sarz}

99 1781 198 1820 male,
233 1792 304 1813 cum
334 1780 534 1822 perspicuam
565 1785 598 1812 et
628 1780 722 1811 nullis
742 1779 918 1821 ambigibus
941 1779 1135 1821 indigentem
1157 1779 1254 1810 ratio-

99 1849 173 1870 nem
198 1837 337 1869 attulerit
360 1836 560 1874 Aristoteles,
586 1847 700 1877 nempe
730 1836 885 1868 honorem
909 1846 980 1867 esse
1003 1835 1175 1866 maximum
1200 1845 1254 1866 ex—

97 1899 260 1925 ternorum
283 1893 450 1924 bonorum.

189 1950 217 1991 §.
243 1949 295 1982 11.
343 1945 374 1980 οὗ
398 1945 451 1991 μὴν
475 1945 521 1979 τόν
544 1944 585 1989 γε)
609 1948 853 1990 paraphrastes:
881 1943 941 1978 ὅδὲ
965 1946 1068 1987 χαῦνος
1092 1943 1161 1986 πρὲς
1186 1947 1253 1977 ἐαυ-

99 2001 146 2036 τέν
169 2004 216 2046 μὲν
247 2001 440 2045 ὑπερβάλλει·
477 2003 561 2046 μείζω
592 2001 647 2045 γάρ
672 2006 773 2044 φρονεῖ
791 2003 839 2045 τῆς
864 2000 946 2044 ἆξίας
976 2002 1024 2044 τῆς
1055 2001 1172 2033 ἑαυτοῦ·
1207 1998 1254 2033 τὸν

100 2060 130 2092 δὲ
153 2057 358 2102 μεγαλόψυχον
382 2057 438 2101 εὔχ
461 2056 635 2100 ὑπερβάλλει
659 2057 829 2102 φρονήματι.
875 2060 979 2097 Male;
1004 2070 1069 2090 non
1093 2058 1178 2089 enim
1196 2068 1254 2089 ne-

101 2127 189 2148 cesse
214 2122 277 2156 est,
302 2117 434 2149 excedat
456 2116 600 2149 inflatum
624 2115 842 2158 magnanimus
866 2115 1014 2157 opinione
1037 2114 1132 2146 etiam
1153 2113 1254 2156 digni-
