1439 2342
141 39 217 76 264
425 41 604 68 Commenta.
630 39 664 66 ad
683 38 794 66 Ari-tot.
814 37 901 65 Ethie.
921 37 1026 66 Nicon.

235 151 262 192 ξ.
289 150 319 181 4.
345 149 447 190 (Cap.
471 147 560 186 vn.)
585 147 622 178 δι’
649 137 737 189 ἕῖμφω
760 144 869 186 ταῦτα)
896 145 1123 188 Pamphi-astes
1138 145 1244 178 addit.
1269 141 1302 177 τὸ

120 212 121 215 ’
146 220 202 248 γαρ
229 202 343 246 οἶγαὲον
367 201 454 236 aurci]
477 201 525 235 καὶ
549 198 646 240 ἇπλᾶῗς
669 199 830 242 καικυρίως
854 197 966 243 οἷγαθέν
987 201 1066 240 ἐστι,
1088 198 1137 234 καὶ
1159 200 1201 244 τῷ
1224 199 1300 243 Φίλῳ

148 259 259 303 ἀγαθέ)
283 261 355 291 {m
401 260 509 291 Minus
542 258 622 290 bene
653 258 807 299 Aspasius
838 262 927 299 αμφω
956 270 1048 289 ταυτα
1079 258 1118 290 ad
1148 254 1259 299 ἀγαθὸν
1282 271 1300 299 η

147 314 201 358 {dii
215 316 338 347 retulit:
364 314 405 356 τῷ
429 316 454 346 ὁ’
458 311 564 355 ἀγαθῷ
581 327 629 345 και
646 310 758 355 ἀγαθον
781 326 828 345 και
845 309 897 355 ηδυ
922 326 936 344 ο
960 310 1082 355 ἀγαθός.
1125 314 1200 346 Non
1217 313 1301 345 enim

148 371 336 404 Aristoteles
361 370 535 401 addidisset
558 367 623 401 dms:
656 370 740 412 quod
765 370 891 411 quidem
914 368 961 401 Kb
985 380 1049 401 non
1073 369 1204 408 habens,
1227 369 1303 412 legit

148 424 262 469 ἆγαὲὲν
282 424 331 458 καὶ
356 422 419 468 {615-
467 426 508 467 τῷ
532 422 667 466 ὀίἷγαξῷ
690 417 779 468 ἄμφω
803 426 906 464 ταῦτα,
931 425 1044 457 ceteris
1074 425 1186 457 mediis
1214 425 1301 457 voci-

147 485 207 515 bus
233 483 376 521 omissis3
401 488 433 514 et
459 483 505 514 sic
530 482 630 513 edidit
646 481 839 523 Fritzschius
854 482 927 514 καθ’
950 477 1109 524 ὑπερβολήν
1130 481 1224 513 unius
1247 491 1301 513 co-

148 540 224 572 dicis
249 539 433 570 auctoritate
457 538 545 569 fisus.

236 596 263 637 §.
289 595 318 626 5.
366 591 382 635 ἡ
407 593 437 625 ὀὲ
462 593 545 634 φιλία
570 591 640 635 ἕξει)
674 593 756 625 Cum
787 603 881 634 supra
909 593 953 632 ΙΙ,
985 605 1011 625 c.
1036 595 1066 633 5,
1095 593 1123 635 ξ.
1149 593 1179 625 2.
1202 592 1301 637 φιλίαν

147 657 218 683 nter
251 648 337 693 πάθη
373 649 602 687 numeraverit,
633 654 666 680 et
695 649 746 687 IV,
771 660 797 680 c.
823 648 854 687 ὃ,
880 649 907 690 ξ.
932 648 1014 682 4-5.
1042 649 1189 680 virtutem
1220 649 1302 680 inter

148 705 285 748 ἆρέσκους
305 712 336 738 et
356 703 502 744 ὁυςκόλους
526 705 673 743 mediam,
691 703 787 744 φιλίαν
803 705 1010 744 nominatam,
1035 705 1073 737 ab
1099 705 1236 737 amicitia
1258 705 1302 737 ita

147 763 339 800 distinxerit,
376 767 411 792 ut
440 761 481 792 sit
511 753 573 792 ἄνευ
606 758 720 800 πάθους
747 758 794 792 καὶ
817 760 869 793 τοῦ
891 761 1015 803 στέργειν
1039 759 1078 801 οἷς
1102 758 1210 804 ὁμιλεῖς
1240 762 1302 794 hoc

130 811 212 854 (oco
244 818 412 849 amicitiam
444 817 522 848 dicit
558 816 699 848 habitum
739 828 810 848 cum
840 817 955 849 affectu
979 818 1198 857 coniunctum;
1228 829 1301 849 nam

149 874 208 906 etsi
235 873 371 905 amicitia
396 873 510 904 affectu
535 883 598 904 non
623 873 801 912 definiatur,
827 878 932 905 tamen
950 874 1017 905 sine
1041 874 1155 906 affectu
1179 871 1305 913 (πάθος)

148 935 180 962 et
211 941 317 962 amore
356 928 517 970 (στέργειν)
553 935 585 960 et
615 929 773 961 amatione
804 929 955 972 (φίλησις)
994 941 1065 962 esse
1094 930 1179 962 nullo
1210 930 1304 962 modo

147 992 256 1029 potest
280 986 373 1026 (vide
398 997 482 1028 supr.
508 986 546 1017 ad
570 986 649 1023 VIII,
675 998 701 1017 c.
731 987 757 1025 1,
782 986 889 1027 §.1).
936 986 1070 1028 Propter
1096 986 1177 1018 hanc
1201 986 1304 1028 dupli-

148 1055 216 1075 cem
239 1043 394 1074 amicitiae
418 1048 561 1074 naturam
587 1043 704 1074 Zellius
729 1043 823 1074 etiam
840 1039 910 1074 ἔοικε
927 1042 1045 1074 dictum
1070 1048 1171 1084 putat.
1207 1043 1303 1074 Prae-

150 1099 231 1131 clare
264 1099 434 1140 Aspasius:
472 1095 489 1140 ἡ
518 1097 566 1140 μὲν
595 1095 650 1139 ’γάρ
682 1097 764 1138 φιλία
796 1097 821 1129 ἐν
844 1097 886 1140 τῷ
909 1095 991 1139 λόγον
1016 1096 1110 1140 ἔχοντι
1133 1098 1182 1140 τῆς
1206 1098 1305 1140 ψυχῆς

151 1152 211 1187 ἐστὶ
235 1152 282 1186 καὶ
309 1155 333 1186 ἐν
358 1154 398 1195 τῷ
424 1151 530 1195 ἆλέγῳ·
554 1151 602 1185 καὶ
626 1150 680 1194 *scip
704 1153 796 1195 κρίνας
819 1153 926 1186 κτᾶται
956 1151 1002 1186 τᾶν
1026 1153 1108 1194 φίλον
1131 1152 1177 1186 καὶ
1201 1152 1306 1187 παθῶν

152 1207 224 1249 πρές
248 1206 341 1247 adrev,
365 1207 412 1241 καὶ
438 1205 453 1251 ἡ
479 1207 531 1249 ἕξις
556 1209 580 1240 ἐν
611 1206 783 1251 ἀμφοτέροις
812 1208 915 1250 γίνεται
940 1213 997 1249 τοῖς
1016 1210 1132 1253 μορίοις.
1157 1229 1200 1234 -
1225 1208 1304 1252 γενό-

148 1268 243 1309 μενος)
275 1263 411 1307 γινέμενος
436 1265 599 1296 Bekkerus
624 1277 661 1296 ex
686 1266 740 1304 H'¹‚
766 1264 822 1304 Kb,
846 1265 903 1298 N'·.
926 1285 970 1290 —
1000 1267 1041 1308 τῷ
1064 1263 1141 1308 ἡδεῖ’)
1189 1267 1243 1298 Sic
1266 1268 1304 1305 B,

149 1323 188 1361 C,
214 1322 285 1359 Nc,
312 1322 409 1360 CCC,
433 1322 503 1360 Par,
528 1322 690 1353 Bekkerus
716 1322 782 1353 sine
807 1328 883 1353 nota
905 1323 1028 1362 critica;
1056 1323 1231 1354 notandum
1255 1328 1303 1354 ta-

149 1390 221 1409 men
247 1384 305 1415 est,
332 1375 378 1408 L¹¹
405 1378 468 1417 (A)
499 1378 601 1419 legere
626 1377 668 1418 τῷ
691 1376 768 1416 εἴὸἐι,
799 1379 854 1409 sed
886 1384 922 1409 ut
953 1378 1061 1410 scribit
1089 1379 1164 1410 mihi
1188 1380 1303 1411 Hasius

150 1440 325 1466 correctum
349 1445 466 1465 coaeva
489 1434 552 1464 fere
571 1445 665 1464 manu
682 1430 751 1475 ἡδεῖ.
775 1434 962 1466 Lectionem
979 1433 1045 1467 εἴδει
1070 1435 1163 1467 etiam
1186 1436 1305 1467 habent

150 1491 201 1528 El,
217 1491 303 1527 Vrat‚
330 1496 362 1522 et
379 1491 551 1521 secundum
571 1490 776 1522 eardwellum
795 1490 856 1522 K¹·:
883 1492 949 1530 sed,
973 1503 1162 1534 quamquam
1178 1493 1305 1534 vulgata

150 1558 249 1589 usque
279 1547 316 1578 ad
349 1547 483 1578 Coraem
509 1553 541 1578 et
571 1553 711 1578 nostram
742 1548 930 1586 editionem,
961 1553 1066 1579 tamen
1098 1559 1193 1580 sensu
1220 1553 1306 1580 caret

151 1603 256 1640 omni;
297 1614 358 1644 quo
394 1603 491 1644 magis
528 1603 637 1641 miror,
670 1604 700 1634 in
731 1609 852 1635 textum
883 1616 900 1635 a
929 1604 1103 1636 Fritzschio
1127 1605 1305 1636 restitutam

150 1659 258 1689 fuisse.
295 1660 392 1690 Recte
416 1657 552 1700 βουλήσει
577 1660 730 1702 Aspasius
756 1666 787 1692 et
803 1661 1028 1702 paraphrastes
1053 1661 1092 1693 de
1115 1661 1200 1692 bono
1225 1661 1305 1693 acci-

149 1715 285 1756 pientes,
311 1715 484 1756 explicant:
510 1717 590 1747 Vere
615 1716 705 1747 amici
730 1722 762 1748 et
785 1717 869 1748 bona
893 1723 925 1748 et
943 1717 1084 1759 jucunda
1104 1717 1307 1760 aequabiliter

152 1771 210 1802 sibi
235 1771 367 1802 invicem
389 1771 559 1803 retribuere
585 1773 725 1813 cupiunt.
749 1773 822 1812 AId,
850 1774 929 1811 Ven,
954 1773 1170 1815 Argyropylus
1195 1774 1306 1816 aliique

151 1827 316 1859 nobiscum
342 1827 468 1858 faciunt.
516 1828 643 1865 Zellius‚
670 1829 828 1861 Lambino
853 1836 991 1869 auctore,
1016 1830 1152 1862 enodare
1175 1828 1242 1862 εἴδει
1265 1830 1308 1862 ita

153 1889 294 1922 conatur,
319 1888 354 1914 ut
385 1883 484 1915 dicat:
521 1884 671 1922 „Genere
701 1891 733 1917 et
763 1886 869 1927 specie
898 1897 1023 1929 quoque
1046 1887 1132 1928 paria
1158 1887 1263 1925 refert,
1287 1886 1307 1918 i.

152 1951 180 1972 c.
205 1940 288 1970 bona
313 1950 368 1980 pro
398 1940 507 1979 bonis,
540 1942 647 1972 suavia
672 1953 728 1983 pro
759 1943 925 1981 suavibus,
956 1954 1013 1984 pro
1037 1942 1165 1974 utilibus
1189 1942 1309 1975 utilia.“

155 1996 254 2028 Quasi
279 2001 342 2026 tarn
369 2003 512 2028 accurate
536 1997 689 2028 rationem
714 2005 901 2041 computent
924 2010 996 2031 vere
1021 1999 1128 2031 amici!

243 2051 341 2083 CAP.
369 2052 423 2083 Vl.
472 2053 499 2095 ξ.
529 2054 556 2084 1.
583 2053 679 2086 Quod
711 2054 840 2096 haec-35.
867 2067 884 2086 a
909 2056 956 2097 §§.
982 2055 1065 2089 2-3.
1090 2055 1201 2097 capitis
1217 2065 1307 2098 prae-
