1439 2342
471 100 544 126 Libri
560 99 604 126 vi.
636 99 702 134 Cap.
718 99 767 125 vn
791 97 887 131 (vm).
1181 92 1254 129 207

100 209 141 251 (Ι,
168 209 201 248 1)
224 209 396 251 prudentes
421 220 475 241 eas
499 207 662 240 nominare
686 206 792 248 potuit
814 206 1049 248 Philosophus,
1080 215 1159 248 quae
1189 215 1256 236 me-

99 265 229 298 minisse
261 271 407 307 possunt.
438 284 483 289 —
530 262 647 305 ῲανερὲν
671 263 716 304 ὀέ)
754 260 871 303 φανερὸν
906 262 936 294 δὲ
971 261 1035 300 καί,
1079 266 1114 293 ut
1149 262 1259 303 legunt

101 322 294 355 Cardwellus
321 328 354 354 et
375 322 540 354 Bekkerus
564 332 602 352 ex
624 321 679 359 H·,
705 318 762 358 Kb,
793 318 856 357 Mb,
878 318 937 358 Nb,
967 319 1048 350 bene
1078 329 1112 349 se
1142 317 1257 349 habet:

99 377 152 410 καί
170 378 255 410 enim
280 389 317 410 eo
343 389 439 410 sensu
463 377 562 418 accipi
592 376 702 413 debet,
729 387 822 417 quem
847 386 942 417 supra
966 376 1005 406 ad
1029 375 1058 414 1,
1083 386 1110 406 c.
1128 375 1158 412 2,
1182 373 1209 415 ᾧ.
1228 374 1259 405 5.

100 435 276 466 docuimus.
300 452 343 456 —
388 430 406 475 ἡ
430 429 564 474 πολιτικὴ
588 429 636 464 καὶ
660 428 677 473 ἡ
701 430 809 473 σοφία)
838 431 1002 463 Bekkerus
1026 431 1102 473 legit
1125 427 1142 472 ἡ
1166 428 1258 470 σοφία

99 488 149 522 καὶ
173 486 189 531 ἡ
214 487 363 531 πολιτικήι
394 490 439 521 sic
463 494 495 520 et
518 489 589 520 Par.

189 547 216 588 ᾧ.
241 546 271 578 5.
318 545 344 577 εἰ
375 546 427 585 δ’)
463 545 584 586 Supple
619 555 692 576 cum
718 543 836 574 Garvio
866 540 915 584 τὴν
945 540 1009 582 περὶ
1041 539 1079 574 ni
1115 539 1261 584 ἀνθρώπῳ

101 599 203 644 ἄγαθᾶ
228 602 323 643 ἐροῦσι
348 601 462 641 σοφίαν.
493 620 536 624 ——
583 597 661 632 οὗὸὲν
685 599 824 639 διαφέρει)
862 599 1019 641 Intellige:
1044 599 1123 630 Item
1144 599 1262 630 multae

101 659 297 700 reperientur
321 659 505 697 sapientiae.

190 716 217 756 ξ.
243 717 271 746 7.
320 716 412 756 (Cap.
433 714 524 753 VIII.)
572 710 588 755 ἡ
621 712 651 744 δὲ
689 710 841 754 φρόνησις)
879 712 1036 753 Incipiunt
1064 712 1114 743 hic
1145 723 1262 743 novum

102 777 198 813 caput
220 771 373 808 nonnulli,
397 772 485 813 quasi
504 771 570 812 jam
587 781 650 801 non
670 770 708 800 (le
731 769 886 810 sapientia
902 769 1047 811 loquatur
1063 768 1262 816 Aristoteles,

103 829 159 859 sed
189 828 227 859 ad
259 829 385 859 tertium
416 828 507 869 hujus
538 827 607 858 libri
639 831 807 857 tractatum
840 826 879 857 de
903 825 1070 866 prudentia
1093 824 1262 855 transierit.

104 885 167 916 Sed
193 885 242 916 liic
268 884 433 925 prudentia
457 884 683 920 consideratur,
709 883 739 913 in
757 873 908 924 quantum
923 894 940 913 a
957 881 1112 922 sapientia
1129 881 1263 912 differat.

105 959 147 964 ——
170 937 246 971 κατεῖ
271 938 416 982 λςγισμέν)
449 937 525 971 καταῖ
552 937 595 970 τόυ
615 937 751 980 λογισμόν
776 940 846 975 Par,
872 938 1046 970 Bekkerus.

193 997 221 1038 ξ.
244 997 275 1030 S.
323 994 441 1035 εῐόότες)
480 997 676 1028 Eustratius:
716 992 751 1026 rel
787 992 929 1027 καθόλου.
959 1012 999 1019 -—·
1049 993 1133 1033 ἐνίων)
1165 991 1264 1033 ἕτερων

106 1054 161 1091 El,
187 1053 306 1084 Coraes
331 1058 363 1084 et
386 1053 559 1084 Bekkerus.
584 1071 627 1075 —
664 1049 901 1092 πρακτικώτεροι)
934 1051 982 1083 Cf.
1008 1051 1151 1091 Metaph.
1177 1049 1199 1088 I,
1230 1050 1263 1081 I:

105 1109 214 1152 μέἰλλῡν
253 1106 488 1149 ἐπιτυγχάνουσιν
524 1109 549 1139 οἱ
587 1106 712 1149 ἔμπειροι
750 1107 801 1138 τῶν
837 1100 899 1138 ἄνευ
932 1106 980 1148 τῆς
1010 1105 1152 1148 ἐμπειρίας
1181 1103 1264 1146 λόγον

105 1163 235 1206 ἐχόντων.
259 1184 303 1188 --—
349 1165 374 1196 ἐν
401 1167 456 1202 τοῖς
482 1157 594 1203 ἄλλοις)
629 1164 737 1195 Minus
760 1168 845 1195 recte
861 1163 1052 1195 Lambinum
1075 1162 1266 1204 vituperavit

105 1222 269 1258 Muretus,
301 1222 385 1263 quod
414 1221 543 1252 verterit
571 1223 603 1252 in
627 1222 698 1252 aliis
720 1220 823 1257 rebus;
853 1221 990 1262 dicitque
1023 1220 1047 1250 ἐν
1071 1211 1170 1257 ἄλλοις
1195 1229 1266 1250 esse

105 1280 183 1311 inter
205 1280 297 1316 alios,
328 1280 407 1309 inter
436 1279 576 1318 reliquos.
622 1279 696 1309 Non
729 1277 813 1308 enim
843 1277 882 1308 de
907 1277 974 1308 aliis
998 1275 1184 1307 universalia
1208 1286 1266 1306 ne—

107 1335 297 1373 scientibus,
331 1334 401 1377 nisi
429 1335 468 1365 de
505 1334 642 1375 expertis
678 1333 817 1375 quuitur
846 1333 1070 1374 Philosophus.
1124 1331 1267 1372 Intellige

107 1391 202 1433 igitur
230 1402 300 1422 cum
328 1390 508 1421 Eustratio:
556 1391 629 1421 Non
660 1390 763 1421 solum
792 1390 824 1420 in
857 1389 1042 1431 prudentia,
1078 1388 1134 1419 sed
1172 1388 1268 1419 etiam

108 1448 234 1490 reliquis
258 1448 290 1478 in
314 1446 418 1484 rebus,
443 1446 638 1487 experientia
663 1457 721 1477 nos
745 1447 784 1476 ad
809 1446 964 1487 agendum
983 1445 1088 1476 reddit
1111 1444 1268 1485 aptiores;

108 1503 170 1536 εἶτα
195 1503 273 1543 φέρει
296 1501 344 1534 καὶ
370 1500 553 1543 παράὸειγμα
576 1499 626 1533 εὗκ
649 1500 689 1534 ἔτι
706 1499 861 1539 mmm»,
886 1499 952 1534 ἀλλ’
970 1498 1104 1540 ἰατρικόν.
1145 1501 1269 1533 Quam-

109 1560 236 1598 obrem,
273 1571 344 1591 cum
375 1560 400 1590 oi
432 1557 559 1601 ἔμπειρα
588 1560 609 1590 ii
637 1560 698 1600 ipsi
729 1560 792 1590 sint
821 1559 928 1596 inscii,
963 1558 1015 1600 qui
1045 1557 1084 1588 ad
1114 1557 1269 1598 agendum

110 1616 282 1649 scientibus
308 1621 382 1647 sunt
406 1617 562 1656 aptiores,
595 1616 661 1648 sive
690 1617 807 1647 referas
840 1613 966 1656 ἔμπειροι
996 1620 1146 1656 tanquam
1172 1612 1271 1654 expli-

112 1673 269 1704 cationem
303 1673 341 1704 ad
373 1672 610 1713 praecedentia,
642 1671 745 1703 verbis
774 1669 823 1702 καὶ
854 1671 880 1702 ἐν
909 1673 966 1709 τοῖς
990 1662 1088 1709 ἄλλοις
1114 1671 1218 1708 (etiam
1240 1669 1272 1700 in

112 1730 180 1761 aliis
202 1729 308 1769 rebus)
334 1729 514 1770 parenthesi
538 1729 689 1760 inclusis:
715 1728 781 1760 sive
804 1728 934 1758 innuere
958 1727 1092 1758 voluerit
1113 1726 1272 1757 Aristote-

112 1786 176 1824 les,
207 1797 263 1817 eos
291 1786 322 1816 in
352 1785 520 1826 prudentia
551 1785 611 1815 alio
635 1784 781 1822 nomine,
813 1784 844 1815 in
868 1783 994 1825 reliquis
1019 1783 1138 1814 artibus
1157 1784 1275 1823 peritos

114 1843 275 1884 appellari.
321 1841 355 1872 Id
385 1841 544 1883 posterius
583 1846 690 1872 tamen
723 1841 827 1872 minus
862 1844 982 1871 rectum
1018 1839 1160 1877 videtur,
1202 1850 1274 1870 cum

115 1900 210 1930 etiam
240 1899 319 1930 infra
349 1898 447 1936 e.11‚
473 1898 501 1938 ᾧ.
520 1897 550 1930 6.
581 1896 711 1938 ἐμπειρία
744 1897 782 1928 de
814 1896 982 1938 prudentia
1011 1896 1144 1927 dicatur.
1192 1895 1274 1927 Cum

114 1955 277 1987 Eustratio
302 1954 463 1986 consentit
485 1953 730 1994 paraphrastes:
765 1949 813 1984 καὶ
845 1946 915 1990 ὅλως
939 1952 965 1983 ἐν
989 1952 1075 1983 πᾶσιν
1099 1952 1125 1983 οἱ
1149 1949 1277 1993 ἔμπειροι

115 2011 228 2054 μᾶλλον
251 2007 383 2042 δύνανται
407 2007 541 2050 πράττειν
564 2005 584 2051 ἢ
607 2009 633 2041 οἱ
655 2006 693 2040 τοὶ
716 2006 848 2041 καθόλου
871 2006 1077 2049 γιγνώσκοντες.
1102 2026 1140 2032 -
1166 2003 1274 2048 ἀγνοεῖ)

117 2064 283 2108 οἶγνοοῖΗ“,
300 2066 356 2105 Kb,
372 2065 430 2105 Νι),
449 2066 652 2104 Cardwellus,
675 2065 857 2104 Bekkerus3
881 2075 945 2096 non
966 2069 1062 2105 puto:
1088 2075 1161 2095 nam
1178 2063 1204 2095 εἰ
1220 2059 1276 2104 γὰρ

117 2123 201 2166 εἰδείη
225 2130 275 2156 est
297 2124 415 2155 etiamsi
436 2124 504 2164 quis
524 2125 611 2161 sciat,
634 2122 837 2164 sequiturque
860 2123 889 2152 si
911 2125 1007 2152 tamen
1022 2122 1124 2152 nescit.
1155 2120 1277 2151 Locum

117 2181 212 2222 plane
235 2180 369 2212 similem
394 2180 484 2211 affert
507 2179 625 2211 Zellius
649 2189 688 2210 ex
714 2178 872 2210 Aeschine
899 2182 1009 2210 contra
1034 2176 1278 2218 Ctesiphontem
