1439 2342
560 78 635 106 Libri
652 77 698 106 1x.
727 78 792 114 σιμ.
809 79 852 106 1v.
1216 76 1290 114 293

136 195 243 217 amore
268 185 316 216 sui
340 185 467 217 disserit
491 186 575 226 (infr.
598 198 624 218 c.
649 186 696 225 8),
722 187 808 218 nullo
838 186 934 219 verbo
959 186 1184 228 discipulorum
1215 199 1288 220 sen-

135 252 204 273 sum
227 241 398 282 expressit3
424 242 480 273 sed
504 248 631 274 nostrae
661 243 863 284 explicationi
886 249 992 284 aperte
1018 244 1199 284 opitulatur,
1229 245 1290 276 etsi

132 308 197 329 non
228 297 343 329 infitias
367 298 407 336 it,
432 298 463 328 in
488 309 562 330 vero
587 299 634 330 sui
659 310 764 330 amore
795 300 974 341 cupidinem
1005 299 1118 330 rationi
1149 300 1287 338 obedire,

130 353 216 385 unde
240 363 329 384 suam
360 354 550 385 sententiam
580 355 709 386 forsitan
741 355 1009 397 illiPeripatetici
1037 355 1219 388 hauserunt.
1244 373 1287 378 —

132 405 240 449 ἑαυτόν)
265 404 350 440 αὑτόν
373 409 547 441 Bekkerus.

217 464 243 505 §.
272 465 322 497 11.
370 462 408 503 οἷξ
438 464 468 496 δὲ
500 462 597 497 πολλοὶ
626 463 674 496 καὶ
699 463 773 496 ὁεινοῖ
792 465 957 505 πέπρακται
989 463 1036 498 καὶ
1067 463 1115 498 &wi
1146 464 1195 509 τὴν
1229 481 1285 510 μο-

128 519 258 562 χθηρίαν
281 519 441 563 μισοῦνται,
459 517 594 561 φεύγουσι
612 517 644 551 τὸ
661 521 719 564 ζῇν)
745 521 798 552 Sic
823 522 859 559 13,
883 522 954 560 Nc,
979 523 1050 561 Par,
1075 522 1137 561 Mb,
1161 523 1287 564 plurimi

129 577 260 608 Victorii
293 576 436 614 codices,
463 576 673 616 Cardwellus,
699 577 901 616 Fritzschius‚
919 579 1051 619 apodosi
1075 579 1244 620 incipiente
1269 591 1286 611 a

129 629 297 674 φεύγουσινε
324 632 446 664 addunt
469 631 521 663 καί
541 638 614 664 ante
639 630 788 673 φεύγουσιν
813 633 870 672 El,
897 633 994 672 CCC,
1019 635 1106 673 Vrat‚
1131 634 1187 674 Kb,
1212 636 1285 674 Ald,

127 689 207 727 Ven,
232 689 276 720 ita
299 693 335 719 ut
359 688 509 729 apodosis
534 688 628 720 ordiri
652 689 755 730 possit
774 689 840 730 jam
865 689 937 721 inde
962 702 979 721 a
1003 687 1051 721 καὶ
1081 687 1128 722 διὰ
1157 688 1206 732 τὴν
1228 705 1284 734 μο-

126 743 276 787 χθηρίανι
309 743 476 786 utrobique
500 743 553 775 καί
578 744 697 775 omittit
720 743 778 783 Νι),
803 744 846 776 ita
869 750 905 776 ut
929 746 1081 787 apodosin
1106 748 1284 779 necessario

121 787 303 832 'constituas
334 799 436 832 verbis
469 796 517 832 ὁιοί
540 797 589 842 τὴν
619 799 797 842 μοχθηρίαν.
844 801 970 842 Legunt
994 799 1033 840 οἷς
1057 800 1087 833 δὲ
1116 799 1212 834 πολλοὶ
1235 801 1283 835 καὶ

127 852 204 888 δεινοὶ
227 856 392 896 πέπρακται
417 853 464 887 &id
489 852 538 898 τὴν
561 855 730 898 μοχθηρίαν
748 855 871 898 μισοῦσί
892 869 922 887 τε
946 853 994 888 καὶ
1019 854 1154 898 φεύγουσι
1178 854 1210 889 τὸ
1235 858 1283 903 ζῇν

127 912 258 951 Coraes,
283 918 315 944 et
339 912 503 944 Bekkerus
529 923 600 943 cum
626 910 738 950 H“·,Lh
753 913 823 950 (Α),
838 910 895 952 Ob,
920 913 1140 956 nonnullisque
1153 914 1283 946 Victorii

125 968 305 1007 codicibus3
341 968 398 999 sed
433 967 598 999 Bekkerus
637 965 685 999 ὁίοὲ
716 964 764 1009 τὴν
794 968 963 1010 μοχθηρίαν
994 970 1033 1000 ad
1063 971 1284 1011 praecedentia

126 1025 231 1067 (quasi
255 1021 333 1056 δεινοί
361 1035 424 1056 non
451 1024 620 1062 sufficiat),
647 1024 766 1055 Coraes
795 1030 879 1056 certe
904 1026 1020 1057 rectius
1046 1026 1083 1057 ad
1108 1027 1282 1069 sequentia,

127 1086 163 1112 ut
186 1081 253 1123 jam
284 1080 518 1122 Argyropylus,
550 1079 666 1111 retulit.
724 1080 858 1122 Vulgata
889 1081 956 1121 illa,
989 1093 1059 1113 cum
1090 1094 1158 1114 eam
1183 1085 1283 1126 major

125 1136 271 1169 codicum
314 1147 464 1168 numerus
507 1141 648 1174 tueatur,
685 1136 735 1167 vel
770 1136 841 1168 ideo
876 1137 987 1169 melior
1021 1138 1162 1177 videtur,
1204 1150 1281 1181 apo-

126 1194 195 1224 dosi
225 1198 330 1224 tamen
363 1204 380 1223 a
410 1191 563 1224 vocabulo
589 1189 738 1232 φεύγουσιν
769 1203 856 1231 orsa,
887 1193 953 1225 sive.
978 1194 1075 1225 addas
1106 1196 1281 1226 secundum

121 1248 175 1281 καί
195 1249 260 1281 sive
285 1259 366 1288 non3
391 1248 466 1279 illud
490 1249 642 1289 praefero,
669 1259 740 1279 cum
764 1247 817 1280 καί
836 1254 867 1281 et
891 1249 922 1280 in
947 1249 1043 1281 altera
1066 1250 1201 1282 lectione
1226 1263 1279 1283 oc-

121 1309 236 1337 currat.
284 1304 409 1336 Deinde
426 1304 457 1335 in
475 1309 584 1335 nostra
601 1304 736 1335 lectione
750 1305 829 1336 ratio
847 1306 982 1343 affertur,
1004 1317 1056 1337 cur
1073 1307 1145 1338 mali
1162 1308 1281 1349 fugiant

121 1361 237 1393 vitam:
264 1360 392 1399 scilicet,
418 1360 490 1402 quia
514 1360 672 1402 plerisque
689 1360 762 1391 odio
783 1366 857 1392 sunt
881 1367 1011 1403 propter
1026 1362 1277 1404 improbitatem3

120 1428 200 1460 quae
225 1418 306 1448 ratio
331 1427 402 1448 cum
426 1416 457 1447 in
487 1416 584 1448 altera
608 1416 744 1448 lectione
769 1416 866 1455 absit,
897 1418 1036 1456 nescias,
1070 1430 1124 1450 cur
1155 1420 1280 1452 oderint

121 1473 217 1506 vitam
241 1472 314 1504 mali
339 1472 460 1514 sibique
484 1473 561 1514 ipsis
594 1483 705 1504 manus
737 1472 882 1504 inferant.
929 1474 1028 1505 Porro
1048 1475 1144 1506 verba
1159 1476 1282 1518 μισοῦσί

119 1543 151 1561 τε
179 1527 228 1561 καὶ
259 1526 395 1570 φεύγουσι
426 1528 643 1560 Bekkerianae
676 1529 820 1560 lectionis
851 1530 970 1561 insulsa
1000 1531 1146 1563 videntur
1170 1538 1276 1564 tauto-

117 1585 216 1628 logia,
248 1585 434 1627 praesertim
465 1596 536 1616 enni
571 1591 720 1627 sequatur
749 1582 797 1616 καὶ
836 1582 995 1626 ἀναιροῦσιν
1037 1585 1161 1626 ἑαυτούς.
1211 1589 1276 1621 Po-

118 1647 248 1680 stremo,
274 1653 345 1674 cum
372 1638 448 1673 δεινοί
468 1652 524 1682 per
548 1652 582 1672 se
607 1641 764 1683 significet
787 1643 937 1674 terribilia
953 1646 982 1674 et
1003 1644 1150 1683 nefanda,
1174 1645 1218 1676 ita
1242 1651 1277 1677 ut

117 1695 215 1731 πολλοὶ
245 1695 293 1730 καὶ
324 1695 400 1729 δεινοί
432 1698 472 1729 sit
502 1694 527 1728 ἓν
559 1694 608 1728 dic?
639 1699 713 1729 δυοῖν
743 1708 800 1739 pro
832 1695 930 1730 πολλοῖ
957 1696 1046 1737 δεινοί,
1078 1705 1126 1738 et,
1152 1701 1276 1733 etiamsi

118 1751 201 1792 δεινός
225 1765 281 1796 per
306 1765 339 1786 se
363 1754 447 1785 hunc
471 1764 600 1785 sensum
625 1764 689 1784 non
718 1753 843 1792 habeat,
875 1759 981 1785 tamen
1006 1752 1103 1788 πολλοὶ
1127 1754 1175 1788 καὶ
1199 1755 1274 1789 δεινοὶ

117 1811 283 1852 πέπρακται
307 1807 355 1842 &iol
380 1807 428 1851 τὴν
452 1808 620 1852 μοχθηρίαν
645 1809 820 1851 significare
845 1821 908 1841 non
939 1811 1043 1852 possit
1065 1814 1156 1844 mulla
1171 1825 1274 1854 prava

105 1869 260 1909 ficerunt,
284 1878 324 1898 ne
348 1867 450 1908 ipsam
474 1866 664 1908 Argyropyli
688 1870 877 1897 structuram
894 1867 1175 1909 comprobaverim‚
1201 1882 1273 1902 cum

115 1924 254 1966 pravitas
278 1933 342 1954 non
368 1923 409 1954 sit
432 1933 527 1953 causa
551 1933 606 1953 cur
628 1922 692 1953 vita
716 1922 826 1954 odiosa
851 1922 907 1963 sit,
933 1925 988 1955 sed
1019 1925 1272 1966 improbissimos

116 1991 211 2022 saepe
235 1980 318 2012 vitae
342 1978 564 2020 cupidissimos
589 1989 660 2011 esse
684 1979 857 2011 videamus.
905 1981 1005 2012 Recte
1026 1982 1270 2023 paraphrastes:

116 2035 178 2069 ἔνιοι
207 2034 262 2078 γοῖρ
293 2035 334 2078 τῷ
364 2031 460 2067 πολλοὶ
492 2032 539 2066 καὶ
569 2031 643 2067 δεινοὶ
681 2035 792 2077 πρῖἰξοιι
822 2035 991 2078 μισηθέντες
1022 2034 1070 2069 διαὶ
1102 2039 1272 2081 μοχθηρίαις

113 2089 284 2134 ὑπερβολὴν,
309 2088 445 2133 φεύγουσι
469 2087 502 2122 τὸ
519 2090 567 2136 ζῇν
587 2105 614 2124 κ.
639 2105 666 2124 τ.
690 2096 718 2125 λ.
766 2092 931 2125 Omissum
957 2099 1006 2125 est
1028 2093 1080 2127 καί
1099 2101 1172 2128 ante
1197 2092 1270 2137 φεύ.

113 2163 197 2193 γουσι
226 2149 456 2192 Paraphrastae
487 2149 684 2182 auctoritate.
716 2167 751 2172 —
789 2147 1039 2194 συνημερεύσουσι)
1072 2149 1271 2196 συνδιημερεύ-
