1439 2342
484 40 556 67 Libri
578 40 598 67 1.
640 39 706 74 Cap.
730 40 751 65 v
775 39 843 73 (ιιι).
894 77 901 83 ·
1197 37 1241 73 31

87 152 144 183 das
168 151 291 182 videtur
313 150 524 192 significasse,
549 159 622 180 cum
646 149 704 180 ait:
736 145 868 189 ἐγκύκλια
892 147 1004 188 λέγεται
1026 145 1074 178 καὶ
1098 144 1134 178 τά
1159 161 1245 188 ποιη-

88 205 162 239 τικά.
197 207 262 239 Sed
277 207 445 249 profitetur
459 205 640 237 Eustratius
660 205 744 247 ipse:
769 201 809 243 οἷς
831 200 909 246 ἡμεῖς
932 203 980 245 μὲν
997 199 1047 250 ορκ
1070 200 1243 246 ἐνετύχομεν,

88 261 142 295 εἰσὶ
166 259 190 296 δ’
214 261 243 295 οἳ
264 260 327 303 περὶ
352 259 453 294 τούτου
477 258 644 302 ἱστόρησαν.
690 260 776 292 Nihil
800 265 907 292 tamen
937 259 1092 302 ejusmodi
1121 260 1247 302 scripsit

89 318 294 357 Aristoteles,
324 317 385 349 nisi
416 328 487 349 cum
511 317 642 348 Donato
664 321 698 348 et
720 316 869 357 Menagio
899 316 938 347 ad
962 316 1115 358 Diogenis
1142 317 1247 348 locum

88 374 247 405 laudatum
265 374 342 406 velis
359 373 535 410 admittere,
553 372 757 403 Aristotelem
774 372 1062 413 encyclopaediam,
1080 383 1174 413 quam
1189 383 1246 404 vo-

89 435 183 467 cant,
226 429 426 461 scientiarum
465 429 549 470 vulgi
586 428 759 459 intellectui
798 428 1069 459 accommodatam
1109 428 1246 459 edidisse

91 485 234 524 (fortasse
259 485 370 517 librum
387 486 426 517 cle
443 484 567 516 Mundo
591 484 630 515 ad
646 484 887 521 Alexandrum),
912 489 947 514 ut
970 488 1002 514 et
1017 483 1089 514 vivo
1102 484 1247 521 Platone,

89 545 257 582 antequam
281 542 348 582 ipsc
380 541 419 573 ad
449 540 681 583 philosophiam
713 540 910 572 tractandam
939 539 1121 577 accederet,
1150 540 1247 570 libros

90 597 283 637 populariter
307 598 442 639 scriptos
465 597 574 635 edidit,
600 597 639 628 ad
662 607 741 638 quos
765 602 871 627 tamen
895 601 1006 626 nostro
1028 596 1100 626 loco
1123 595 1249 627 Aristo—

90 653 168 684 teles
200 664 263 684 non
288 654 433 695 respicit,
464 664 536 685 cum
561 653 599 684 ad
623 652 811 684 rhetoricam
835 652 1037 693 potissimum
1060 652 1249 694 pertinuisse

90 709 255 740 videantur
280 710 400 747 (Stahr.
425 709 589 741 Aristotel.
614 710 652 740 T.
678 708 708 746 Ι,
731 720 763 750 p.
789 708 928 748 69-70).

180 766 208 807 ξ.
242 768 270 797 7.
318 766 343 797 ἐν
374 768 431 803 τοῖς
461 765 611 807 ἑπομένοις)
643 765 714 796 Infr.
744 765 791 803 X,
821 776 848 796 c.
880 766 910 796 7.
957 764 1153 795 Eustratius:
1189 761 1248 795 ἀπὸ

93 823 143 852 τῶν
167 818 316 863 ὑφειμένων
340 820 386 853 ἐπὶ
403 818 440 853 τοὶ
455 817 659 862 ὑπερβαίνοντα
676 817 867 862 ἀνερχόμενος.
905 821 1144 862 Contemplatio
1165 820 1249 852 enim

90 877 230 909 veritatis
250 879 318 920 jam
342 878 463 916 divina,
486 889 552 909 non
576 878 714 909 humana
737 876 879 909 felicitas.

180 935 208 975 ξ.
232 934 263 966 8.
310 932 524 976 χρηματιστής)
557 934 677 975 Supple
707 934 756 964 vel
785 926 936 973 ἅνθρωπος
966 933 1017 964 vel
1045 933 1151 973 potius
1180 931 1249 971 βίος.

90 991 283 1032 Neutiquam
313 996 420 1022 tamen
445 995 590 1032 quartum
615 1000 715 1031 genus
746 989 828 1020 vitae
860 989 969 1020 afferre
992 989 1074 1027 vult,
1107 989 1162 1020 sed
1185 989 1250 1020 vita

91 1047 270 1087 pecuniaria
294 1047 333 1077 ad
357 1045 415 1084 βίον
440 1043 653 1077 ἀπολαυστικόν
682 1046 830 1087 pertinet.
879 1045 976 1077 Quod
998 1044 1079 1076 bene
1103 1045 1251 1086 exposuit

91 1103 332 1144 Paraphrastes:
370 1100 430 1133 ἔστι
460 1101 490 1133 δὲ
514 1100 561 1133 καὶ
593 1094 678 1140 εἶλλε,-
708 1101 767 1140 βίος
791 1102 816 1133 ἐν
847 1097 941 1140 αὐτοῖς
972 1097 1162 1142 θεωρούμενος
1194 1103 1250 1138 τοῖς

92 1158 256 1200 εἰρημένοις,
286 1154 299 1189 ὅ
324 1158 375 1189 τοῦ
404 1158 598 1200 χρηματικοῧ·
630 1155 678 1188 καὶ
701 1155 756 1198 ’γοέρ
787 1155 835 1188 καὶ
861 1154 874 1188 ὅ
901 1154 947 1198 τὴν
965 1153 1062 1198 ἡδονὴν
1091 1154 1139 1188 καὶ
1164 1153 1178 1186 ὃ
1202 1153 1250 1197 τὴν

93 1211 174 1257 τιμὴν
205 1211 312 1246 διώκων
341 1211 482 1256 χρήματα
507 1214 599 1246 ἐθέλει
628 1213 780 1254 συλλέγειν.
827 1213 973 1255 Sejunxit
996 1218 1102 1243 autem
1126 1212 1250 1244 Aristo—

93 1271 172 1302 teles
191 1275 359 1313 quaestum
382 1275 414 1301 et
437 1270 560 1301 divitias
583 1281 601 1301 a
615 1270 790 1311 voluptate,
815 1270 887 1311 quia
910 1269 1012 1299 adhuc
1037 1279 1141 1299 nunus
1158 1280 1252 1310 quam

93 1328 239 1368 voluptas
263 1333 317 1358 aut
340 1328 442 1359 honor
465 1337 522 1368 pro
546 1326 694 1358 felicitate
717 1326 817 1366 accipi
839 1330 986 1366 possunt,
1011 1336 1083 1355 cum
1100 1336 1165 1355 non
1189 1326 1253 1356 sint

94 1384 192 1421 fines,
221 1388 257 1414 ut
285 1383 449 1425 voluptas,
482 1383 538 1414 sed
564 1382 736 1424 voluptatis
766 1382 988 1412 instrumenta.
1015 1399 1048 1403 —-
1086 1377 1177 1418 βίαιός,
1200 1382 1251 1419 τις)

93 1440 166 1472 Jam
189 1439 262 1471 inde
282 1438 321 1470 ab
335 1439 497 1470 Eustratio
522 1438 628 1477 (βίαιον
645 1437 675 1469 o}
697 1437 780 1478 λέγει,
806 1431 848 1468 ἔτι
869 1435 993 1475 ulfila>-
1006 1435 1170 1468 ἒνόείκιυῖοιι
1182 1434 1254 1476 πρός

96 1493 127 1527 τὸ
149 1493 322 1537 κτήσασθαι
347 1492 379 1526 τὲ
403 1493 578 1536 ζητούμενον)
609 1495 673 1526 fere
698 1504 811 1525 omnes
835 1494 916 1524 male
940 1493 1137 1534 interpretati
1161 1497 1252 1524 sunt:

94 1554 247 1591 violentus,
271 1552 356 1593 quod
381 1552 428 1582 vir
450 1551 521 1582 talis
545 1551 584 1581 ad
606 1562 653 1588 ea,
678 1561 758 1591 quae
781 1549 897 1590 cupiat,
922 1549 1146 1590 consequenda
1167 1549 1253 1580 {irau-

96 1609 184 1646 dem,
221 1608 328 1639 dolum
357 1612 390 1638 et
419 1607 545 1648 rapinas
576 1606 725 1637 adhibere
756 1605 964 1636 consueverit.
1008 1605 1109 1637 Quasi
1132 1616 1196 1636 non
1222 1610 1255 1636 et

96 1665 164 1696 sine
198 1664 368 1706 injustitia,
408 1664 525 1695 nedum
562 1663 630 1694 sine
664 1661 711 1695 vi.
747 1661 873 1692 divitiae
905 1660 1030 1702 possint
1062 1662 1252 1702 comparari!

97 1720 274 1762 Giphanius
297 1720 383 1751 solus
408 1725 493 1750 recte
517 1718 685 1760 explicavit
706 1719 799 1749 vitam
822 1720 949 1748 naturae
964 1719 1166 1756 contrariam,
1191 1729 1254 1759 quo

97 1788 193 1810 sensu
208 1775 394 1817 saepissime
410 1786 472 1806 vox
488 1775 539 1806 illa
558 1774 649 1813 βίαιος
672 1786 690 1806 a
704 1775 825 1806 Nostro
842 1773 1009 1814 accipitur:
1034 1773 1131 1815 Phys.
1149 1773 1201 1812 lV,
1223 1774 1254 1811 8,

96 1831 113 1876 ἡ
132 1833 179 1876 μὲν
202 1829 257 1874 ‘reip
283 1831 374 1871 βίαιος
400 1828 481 1872 παραὶ
506 1828 591 1870 φύσιν
608 1829 692 1868 ἐστίν,
717 1835 749 1862 et
763 1831 801 1868 V,
819 1829 857 1869 63
881 1830 975 1861 Polit.
991 1829 1058 1868 VII,
1079 1829 1128 1863 16.
1166 1830 1254 1861 Con-

96 1895 145 1922 tra
167 1894 312 1920 naturam
337 1894 444 1920 autem
468 1893 528 1926 est,
553 1887 584 1918 in
602 1886 716 1918 divitiis
740 1886 886 1918 ultimum
908 1897 1029 1928 ponere
1051 1886 1158 1924 finem,
1183 1886 1255 1927 quia

97 1947 223 1979 divitiae
238 1956 400 1986 nunquam
419 1944 502 1982 finis,
527 1944 583 1975 sed
607 1953 733 1985 semper
755 1943 967 1974 instrumenta
983 1942 1079 1973 modo
1103 1942 1143 1973 ad
1157 1942 1254 1973 finem

96 2011 168 2032 esse
190 2006 344 2042 possunt;
373 2005 483 2032 contra
505 2005 652 2031 naturam
674 1999 767 2040 igitur
789 1999 946 2041 ejusmodi
969 1999 1115 2029 homines
1139 1997 1254 2028 divitiis

96 2062 236 2096 utuntur,
260 2068 398 2098 suaeque
422 2061 552 2088 naturae
573 2056 636 2087 vim
657 2055 719 2097 ipsi
743 2055 887 2086 afferunt.
922 2055 1034 2086 Finem
1051 2054 1135 2085 enim
1151 2065 1255 2092 suum,

97 2124 178 2156 quae
201 2118 252 2145 est
273 2114 417 2155 ipsorum
440 2117 570 2151 natura,
600 2123 665 2144 non
690 2111 921 2152 adipiscuntur,
951 2111 1007 2142 sed
1035 2110 1068 2141 in
1096 2109 1255 2142 infinitum
