<?xml version="1.0" encoding="UTF-8"?>
<!DOCTYPE html PUBLIC "-//W3C//DTD XHTML 1.0 Transitional//EN"
    "http://www.w3.org/TR/xhtml1/DTD/xhtml1-transitional.dtd">
<html xmlns="http://www.w3.org/1999/xhtml" xml:lang="en" lang="en">
 <head>
  <title>
</title>
<meta http-equiv="Content-Type" content="text/html;charset=utf-8" />
  <meta name='ocr-system' content='tesseract 3.04.00' />
  <meta name='ocr-capabilities' content='ocr_page ocr_carea ocr_par ocr_line ocrx_word'/>
</head>
<body>
  <div class='ocr_page' id='page_1' title='image "./ethicorumnicomac02arisuoft_0366.png"; bbox 0 0 1439 2342; ppageno 0'>
   <div class='ocr_carea' id='block_1_1' title="bbox 183 67 1060 107">
    <p class='ocr_par' dir='ltr' id='par_1_1' title="bbox 183 67 1060 107">
     <span class='ocr_line' id='line_1_1' title="bbox 183 67 1060 107; baseline -0.002 -8"><span class='ocrx_word' id='word_1_1' title='bbox 183 69 255 107; x_wconf 78' lang='lat'><strong>314</strong></span> <span class='ocrx_word' id='word_1_2' title='bbox 460 71 639 99; x_wconf 72' lang='lat' dir='ltr'><strong>commentar.</strong></span> <span class='ocrx_word' id='word_1_3' title='bbox 661 69 695 97; x_wconf 73' lang='lat' dir='ltr'><strong>nd</strong></span> <span class='ocrx_word' id='word_1_4' title='bbox 717 69 826 97; x_wconf 71' lang='lat' dir='ltr'><strong>Aristot.</strong></span> <span class='ocrx_word' id='word_1_5' title='bbox 846 67 933 96; x_wconf 80' lang='lat' dir='ltr'><strong>Ethie.</strong></span> <span class='ocrx_word' id='word_1_6' title='bbox 954 67 1060 97; x_wconf 81' lang='lat' dir='ltr'><strong>Nicom.</strong></span> 
     </span>
    </p>
   </div>
   <div class='ocr_carea' id='block_1_2' title="bbox 179 174 1336 671">
    <p class='ocr_par' dir='ltr' id='par_1_2' title="bbox 182 174 1335 275">
     <span class='ocr_line' id='line_1_2' title="bbox 182 174 1335 219; baseline -0.003 -5"><span class='ocrx_word' id='word_1_7' title='bbox 182 183 272 219; x_wconf 85' lang='lat' dir='ltr'><strong>dunt,</strong></span> <span class='ocrx_word' id='word_1_8' title='bbox 297 180 365 212; x_wconf 87' lang='lat' dir='ltr'><strong>sine</strong></span> <span class='ocrx_word' id='word_1_9' title='bbox 388 179 540 211; x_wconf 77' lang='lat' dir='ltr'><strong>varietate</strong></span> <span class='ocrx_word' id='word_1_10' title='bbox 564 178 709 211; x_wconf 79' lang='lat' dir='ltr'><strong>lectionis</strong></span> <span class='ocrx_word' id='word_1_11' title='bbox 717 191 726 218; x_wconf 80' lang='lat'><em>3</em></span> <span class='ocrx_word' id='word_1_12' title='bbox 751 177 807 210; x_wconf 80' lang='lat' dir='ltr'><strong>sed</strong></span> <span class='ocrx_word' id='word_1_13' title='bbox 827 177 1020 210; x_wconf 78' lang='lat' dir='ltr'><strong>Cardwellus</strong></span> <span class='ocrx_word' id='word_1_14' title='bbox 1035 174 1071 209; x_wconf 77' lang='grc' dir='ltr'><strong>τό</strong></span> <span class='ocrx_word' id='word_1_15' title='bbox 1093 177 1124 209; x_wconf 91' lang='lat' dir='ltr'><strong>in</strong></span> <span class='ocrx_word' id='word_1_16' title='bbox 1140 175 1198 216; x_wconf 57' lang='lat' dir='ltr'><strong>Kb,</strong></span> <span class='ocrx_word' id='word_1_17' title='bbox 1217 177 1335 210; x_wconf 79' lang='lat' dir='ltr'><strong>Zellius</strong></span> 
     </span>
     <span class='ocr_line' id='line_1_3' title="bbox 182 230 1246 275; baseline -0.004 -6"><span class='ocrx_word' id='word_1_18' title='bbox 182 239 212 269; x_wconf 88' lang='lat' dir='ltr'><strong>in</strong></span> <span class='ocrx_word' id='word_1_19' title='bbox 236 238 314 268; x_wconf 82' lang='lat' dir='ltr'><strong>Vrat</strong></span> <span class='ocrx_word' id='word_1_20' title='bbox 337 235 490 267; x_wconf 90' lang='lat' dir='ltr'><strong>omissum</strong></span> <span class='ocrx_word' id='word_1_21' title='bbox 516 235 636 267; x_wconf 83' lang='lat' dir='ltr'><strong>dicunt.</strong></span> <span class='ocrx_word' id='word_1_22' title='bbox 683 234 878 266; x_wconf 83' lang='lat' dir='ltr'><strong>Eustratius:</strong></span> <span class='ocrx_word' id='word_1_23' title='bbox 909 230 925 275; x_wconf 78' lang='grc' dir='ltr'><em>ἡ</em></span> <span class='ocrx_word' id='word_1_24' title='bbox 948 233 1073 275; x_wconf 78' lang='grc' dir='ltr'>λέγουσα</span> <span class='ocrx_word' id='word_1_25' title='bbox 1096 231 1246 274; x_wconf 80' lang='grc' dir='ltr'><strong><em>πρότασις.</em></strong></span> 
     </span>
    </p>

    <p class='ocr_par' dir='ltr' id='par_1_3' title="bbox 179 290 1336 671">
     <span class='ocr_line' id='line_1_4' title="bbox 270 290 1335 334; baseline -0.001 -11"><span class='ocrx_word' id='word_1_26' title='bbox 270 293 298 334; x_wconf 65' lang='grc' dir='ltr'><strong>ξ.</strong></span> <span class='ocrx_word' id='word_1_27' title='bbox 326 293 354 324; x_wconf 89' lang='grc'><strong>7.</strong></span> <span class='ocrx_word' id='word_1_28' title='bbox 383 291 554 332; x_wconf 88' lang='lat' dir='ltr'><strong>Speusippi</strong></span> <span class='ocrx_word' id='word_1_29' title='bbox 563 291 720 322; x_wconf 83' lang='lat' dir='ltr'><strong>sententia</strong></span> <span class='ocrx_word' id='word_1_30' title='bbox 729 290 906 332; x_wconf 85' lang='lat' dir='ltr'><strong>exponitur,</strong></span> <span class='ocrx_word' id='word_1_31' title='bbox 921 301 1013 333; x_wconf 84' lang='lat' dir='ltr'><strong>quam</strong></span> <span class='ocrx_word' id='word_1_32' title='bbox 1023 292 1171 322; x_wconf 85' lang='lat' dir='ltr'><strong>auctorin</strong></span> <span class='ocrx_word' id='word_1_33' title='bbox 1179 290 1283 332; x_wconf 86' lang='lat' dir='ltr'><strong>priore</strong></span> <span class='ocrx_word' id='word_1_34' title='bbox 1296 290 1335 322; x_wconf 85' lang='lat' dir='ltr'><strong>de</strong></span> 
     </span>
     <span class='ocr_line' id='line_1_5' title="bbox 182 346 1335 391; baseline -0.001 -11"><span class='ocrx_word' id='word_1_35' title='bbox 182 349 342 391; x_wconf 83' lang='lat' dir='ltr'><strong>voluptate</strong></span> <span class='ocrx_word' id='word_1_36' title='bbox 367 353 503 379; x_wconf 77' lang='lat' dir='ltr'><strong>tractatu</strong></span> <span class='ocrx_word' id='word_1_37' title='bbox 522 348 588 390; x_wconf 85' lang='lat' dir='ltr'><strong>jam</strong></span> <span class='ocrx_word' id='word_1_38' title='bbox 613 347 809 389; x_wconf 85' lang='lat' dir='ltr'><strong>perstrinxit;</strong></span> <span class='ocrx_word' id='word_1_39' title='bbox 834 346 905 378; x_wconf 89' lang='lat' dir='ltr'><strong>vide</strong></span> <span class='ocrx_word' id='word_1_40' title='bbox 929 357 1025 388; x_wconf 79' lang='lat' dir='ltr'><strong>supra</strong></span> <span class='ocrx_word' id='word_1_41' title='bbox 1048 346 1112 386; x_wconf 79' lang='lat' dir='ltr'>Vll,</span> <span class='ocrx_word' id='word_1_42' title='bbox 1137 358 1164 379; x_wconf 92' lang='lat' dir='ltr'><strong>c.</strong></span> <span class='ocrx_word' id='word_1_43' title='bbox 1188 346 1238 385; x_wconf 83' lang='lat'><strong>13,</strong></span> <span class='ocrx_word' id='word_1_44' title='bbox 1259 347 1287 389; x_wconf 64' lang='grc' dir='ltr'><strong>ξ.</strong></span> <span class='ocrx_word' id='word_1_45' title='bbox 1304 347 1335 380; x_wconf 87' lang='grc'><strong>2.</strong></span> 
     </span>
     <span class='ocr_line' id='line_1_6' title="bbox 184 396 1334 446; baseline -0.002 -10"><span class='ocrx_word' id='word_1_46' title='bbox 184 425 221 430; x_wconf 95' lang='grc'>-</span> <span class='ocrx_word' id='word_1_47' title='bbox 247 404 289 446; x_wconf 71' lang='grc' dir='ltr'><strong>τῷ</strong></span> <span class='ocrx_word' id='word_1_48' title='bbox 311 403 470 446; x_wconf 76' lang='grc' dir='ltr'>μηδέτερα)</span> <span class='ocrx_word' id='word_1_49' title='bbox 493 415 537 436; x_wconf 87' lang='lat' dir='ltr'><strong>sc.</strong></span> <span class='ocrx_word' id='word_1_50' title='bbox 562 396 630 435; x_wconf 66' lang='grc' dir='ltr'>ἕντι.</span> <span class='ocrx_word' id='word_1_51' title='bbox 670 404 732 435; x_wconf 89' lang='lat' dir='ltr'><strong>Pro</strong></span> <span class='ocrx_word' id='word_1_52' title='bbox 756 402 899 444; x_wconf 76' lang='grc' dir='ltr'>μηδέτερα</span> <span class='ocrx_word' id='word_1_53' title='bbox 925 403 1012 434; x_wconf 89' lang='lat' dir='ltr'>dedit</span> <span class='ocrx_word' id='word_1_54' title='bbox 1027 401 1175 445; x_wconf 78' lang='grc' dir='ltr'>μηδετέρῳ</span> <span class='ocrx_word' id='word_1_55' title='bbox 1198 402 1334 434; x_wconf 83' lang='lat' dir='ltr'><strong>wilkin-</strong></span> 
     </span>
     <span class='ocr_line' id='line_1_7' title="bbox 181 458 1335 499; baseline -0.002 -7"><span class='ocrx_word' id='word_1_56' title='bbox 181 471 278 492; x_wconf 87' lang='lat' dir='ltr'><strong>sonus</strong></span> <span class='ocrx_word' id='word_1_57' title='bbox 303 460 371 492; x_wconf 89' lang='lat' dir='ltr'><strong>sine</strong></span> <span class='ocrx_word' id='word_1_58' title='bbox 395 460 478 492; x_wconf 82' lang='lat' dir='ltr'><strong>varia</strong></span> <span class='ocrx_word' id='word_1_59' title='bbox 501 460 647 492; x_wconf 90' lang='lat' dir='ltr'><strong>codicum</strong></span> <span class='ocrx_word' id='word_1_60' title='bbox 671 459 823 499; x_wconf 85' lang='lat' dir='ltr'><strong>lectione,</strong></span> <span class='ocrx_word' id='word_1_61' title='bbox 853 459 989 497; x_wconf 82' lang='lat' dir='ltr'><strong>Coraes,</strong></span> <span class='ocrx_word' id='word_1_62' title='bbox 1022 458 1186 491; x_wconf 86' lang='lat' dir='ltr'><strong>Bekkerus</strong></span> <span class='ocrx_word' id='word_1_63' title='bbox 1216 469 1254 490; x_wconf 84' lang='lat' dir='ltr'><strong>ex</strong></span> <span class='ocrx_word' id='word_1_64' title='bbox 1279 458 1335 497; x_wconf 83' lang='lat' dir='ltr'><strong>H·,</strong></span> 
     </span>
     <span class='ocr_line' id='line_1_8' title="bbox 179 514 1335 558; baseline -0.002 -10"><span class='ocrx_word' id='word_1_65' title='bbox 179 517 378 549; x_wconf 82' lang='lat' dir='ltr'><strong>Eustratius:</strong></span> <span class='ocrx_word' id='word_1_66' title='bbox 402 515 543 558; x_wconf 72' lang='grc' dir='ltr'><em>μηδετέρα</em></span> <span class='ocrx_word' id='word_1_67' title='bbox 575 515 639 548; x_wconf 69' lang='lat' dir='ltr'><strong>Nb:</strong></span> <span class='ocrx_word' id='word_1_68' title='bbox 662 514 814 558; x_wconf 70' lang='grc' dir='ltr'>μηδέτερον</span> <span class='ocrx_word' id='word_1_69' title='bbox 845 514 908 546; x_wconf 65' lang='lat' dir='ltr'><strong>Mb.</strong></span> <span class='ocrx_word' id='word_1_70' title='bbox 961 514 1108 556; x_wconf 80' lang='lat' dir='ltr'><strong>Explicat</strong></span> <span class='ocrx_word' id='word_1_71' title='bbox 1137 514 1335 546; x_wconf 69' lang='lat' dir='ltr'><strong>Eustratiusa</strong></span> 
     </span>
     <span class='ocr_line' id='line_1_9' title="bbox 180 567 1336 614; baseline -0.002 -10"><span class='ocrx_word' id='word_1_72' title='bbox 180 570 227 604; x_wconf 78' lang='grc' dir='ltr'><strong>καὶ</strong></span> <span class='ocrx_word' id='word_1_73' title='bbox 253 567 342 614; x_wconf 71' lang='grc' dir='ltr'>ἄμφω</span> <span class='ocrx_word' id='word_1_74' title='bbox 368 572 408 614; x_wconf 77' lang='grc' dir='ltr'><strong>τῷ</strong></span> <span class='ocrx_word' id='word_1_75' title='bbox 431 571 589 614; x_wconf 74' lang='grc' dir='ltr'>μηδετέρῳ,</span> <span class='ocrx_word' id='word_1_76' title='bbox 616 571 747 603; x_wconf 67' lang='grc' dir='ltr'>τουτέστι</span> <span class='ocrx_word' id='word_1_77' title='bbox 762 569 811 602; x_wconf 79' lang='grc' dir='ltr'><strong>καὶ</strong></span> <span class='ocrx_word' id='word_1_78' title='bbox 833 567 986 613; x_wconf 70' lang='grc' dir='ltr'>ἀμφότερα</span> <span class='ocrx_word' id='word_1_79' title='bbox 1004 567 1040 602; x_wconf 70' lang='grc' dir='ltr'><strong>τοὶ</strong></span> <span class='ocrx_word' id='word_1_80' title='bbox 1062 567 1138 602; x_wconf 72' lang='grc' dir='ltr'>κακοὶ</span> <span class='ocrx_word' id='word_1_81' title='bbox 1154 570 1196 612; x_wconf 73' lang='grc' dir='ltr'><strong>τῷ</strong></span> <span class='ocrx_word' id='word_1_82' title='bbox 1219 567 1336 612; x_wconf 64' lang='grc' dir='ltr'><strong><em>ἀγαθῷ.</em></strong></span> 
     </span>
     <span class='ocr_line' id='line_1_10' title="bbox 180 619 1336 671; baseline -0.001 -12"><span class='ocrx_word' id='word_1_83' title='bbox 180 628 333 671; x_wconf 71' lang='grc' dir='ltr'><em>μηὸέτερον</em></span> <span class='ocrx_word' id='word_1_84' title='bbox 356 625 411 669; x_wconf 59' lang='grc' dir='ltr'><strong>γάρ</strong></span> <span class='ocrx_word' id='word_1_85' title='bbox 438 625 469 659; x_wconf 71' lang='grc' dir='ltr'><strong>τὸ</strong></span> <span class='ocrx_word' id='word_1_86' title='bbox 495 625 607 669; x_wconf 64' lang='grc' dir='ltr'><em>ἀγαθὸν</em></span> <span class='ocrx_word' id='word_1_87' title='bbox 624 627 708 659; x_wconf 70' lang='grc' dir='ltr'><em>εἶπεν·</em></span> <span class='ocrx_word' id='word_1_88' title='bbox 734 627 763 658; x_wconf 79' lang='grc' dir='ltr'><strong>αἱ</strong></span> <span class='ocrx_word' id='word_1_89' title='bbox 786 624 841 668; x_wconf 62' lang='grc' dir='ltr'><strong>γάρ</strong></span> <span class='ocrx_word' id='word_1_90' title='bbox 865 623 965 667; x_wconf 71' lang='grc' dir='ltr'>ἀρεταὶ</span> <span class='ocrx_word' id='word_1_91' title='bbox 988 623 1141 669; x_wconf 69' lang='grc' dir='ltr'><em>μεσότητες</em></span> <span class='ocrx_word' id='word_1_92' title='bbox 1165 619 1261 665; x_wconf 53' lang='lat' dir='ltr'><strong>egeat,</strong></span> <span class='ocrx_word' id='word_1_93' title='bbox 1285 623 1336 658; x_wconf 78' lang='grc' dir='ltr'><strong>οὗ-</strong></span> 
     </span>
    </p>
   </div>
   <div class='ocr_carea' id='block_1_3' title="bbox 181 677 1335 725">
    <p class='ocr_par' dir='ltr' id='par_1_4' title="bbox 181 677 1335 725">
     <span class='ocr_line' id='line_1_11' title="bbox 181 677 1335 725; baseline -0.002 -9"><span class='ocrx_word' id='word_1_94' title='bbox 181 684 290 725; x_wconf 77' lang='grc' dir='ltr'>ὁέτερσν</span> <span class='ocrx_word' id='word_1_95' title='bbox 314 684 367 716; x_wconf 75' lang='grc' dir='ltr'><strong>τῶν</strong></span> <span class='ocrx_word' id='word_1_96' title='bbox 392 677 484 725; x_wconf 67' lang='grc' dir='ltr'>ἄκρων</span> <span class='ocrx_word' id='word_1_97' title='bbox 509 684 584 716; x_wconf 81' lang='grc' dir='ltr'>εἰσίν.</span> <span class='ocrx_word' id='word_1_98' title='bbox 633 684 775 715; x_wconf 82' lang='lat' dir='ltr'>Audacia</span> <span class='ocrx_word' id='word_1_99' title='bbox 799 683 890 725; x_wconf 85' lang='lat' dir='ltr'><strong>igitur</strong></span> <span class='ocrx_word' id='word_1_100' title='bbox 914 688 946 715; x_wconf 90' lang='lat' dir='ltr'><strong>et</strong></span> <span class='ocrx_word' id='word_1_101' title='bbox 969 683 1092 724; x_wconf 75' lang='lat' dir='ltr'><strong>ignavia</strong></span> <span class='ocrx_word' id='word_1_102' title='bbox 1115 688 1190 714; x_wconf 89' lang='lat' dir='ltr'><strong>sunt</strong></span> <span class='ocrx_word' id='word_1_103' title='bbox 1220 682 1335 714; x_wconf 81' lang='lat' dir='ltr'><strong>malum</strong></span> 
     </span>
    </p>
   </div>
   <div class='ocr_carea' id='block_1_4' title="bbox 177 738 1338 1850">
    <p class='ocr_par' dir='ltr' id='par_1_5' title="bbox 177 738 1338 1850">
     <span class='ocr_line' id='line_1_12' title="bbox 181 738 1337 783; baseline -0.002 -11"><span class='ocrx_word' id='word_1_104' title='bbox 181 741 264 772; x_wconf 88' lang='lat' dir='ltr'><strong>malo</strong></span> <span class='ocrx_word' id='word_1_105' title='bbox 295 741 494 783; x_wconf 82' lang='lat' dir='ltr'><strong>oppositum3</strong></span> <span class='ocrx_word' id='word_1_106' title='bbox 528 746 561 772; x_wconf 83' lang='lat' dir='ltr'><strong>et</strong></span> <span class='ocrx_word' id='word_1_107' title='bbox 592 745 758 782; x_wconf 90' lang='lat' dir='ltr'><strong>utrumque</strong></span> <span class='ocrx_word' id='word_1_108' title='bbox 794 739 904 771; x_wconf 82' lang='lat' dir='ltr'><strong>vitium</strong></span> <span class='ocrx_word' id='word_1_109' title='bbox 942 739 1116 780; x_wconf 85' lang='lat' dir='ltr'><strong>opponitur</strong></span> <span class='ocrx_word' id='word_1_110' title='bbox 1151 738 1337 778; x_wconf 84' lang='lat' dir='ltr'><strong>fortitudini,</strong></span> 
     </span>
     <span class='ocr_line' id='line_1_13' title="bbox 181 795 1336 840; baseline -0.002 -12"><span class='ocrx_word' id='word_1_111' title='bbox 181 808 260 840; x_wconf 82' lang='lat' dir='ltr'><strong>quae</strong></span> <span class='ocrx_word' id='word_1_112' title='bbox 284 803 430 829; x_wconf 88' lang='lat' dir='ltr'><strong>neutrum</strong></span> <span class='ocrx_word' id='word_1_113' title='bbox 466 797 578 828; x_wconf 89' lang='lat' dir='ltr'><strong>horum</strong></span> <span class='ocrx_word' id='word_1_114' title='bbox 602 797 755 828; x_wconf 79' lang='lat' dir='ltr'><strong>malorum</strong></span> <span class='ocrx_word' id='word_1_115' title='bbox 785 801 843 828; x_wconf 89' lang='lat' dir='ltr'><strong>est.</strong></span> <span class='ocrx_word' id='word_1_116' title='bbox 897 795 949 827; x_wconf 87' lang='lat' dir='ltr'><strong>Sic</strong></span> <span class='ocrx_word' id='word_1_117' title='bbox 980 795 1075 827; x_wconf 86' lang='lat' dir='ltr'><strong>etiam</strong></span> <span class='ocrx_word' id='word_1_118' title='bbox 1098 795 1336 837; x_wconf 79' lang='lat' dir='ltr'><strong>paraphrastes,</strong></span> 
     </span>
     <span class='ocr_line' id='line_1_14' title="bbox 181 852 1338 895; baseline -0.001 -10"><span class='ocrx_word' id='word_1_119' title='bbox 181 864 240 885; x_wconf 91' lang='lat' dir='ltr'><strong>nec</strong></span> <span class='ocrx_word' id='word_1_120' title='bbox 265 864 328 885; x_wconf 91' lang='lat' dir='ltr'><strong>non</strong></span> <span class='ocrx_word' id='word_1_121' title='bbox 355 853 484 885; x_wconf 74' lang='lat' dir='ltr'><strong>Coi-aes.</strong></span> <span class='ocrx_word' id='word_1_122' title='bbox 532 853 595 885; x_wconf 86' lang='lat' dir='ltr'><strong>Sed</strong></span> <span class='ocrx_word' id='word_1_123' title='bbox 620 853 782 895; x_wconf 89' lang='lat' dir='ltr'><strong>quomodo</strong></span> <span class='ocrx_word' id='word_1_124' title='bbox 807 852 867 884; x_wconf 89' lang='lat' dir='ltr'><strong>dici</strong></span> <span class='ocrx_word' id='word_1_125' title='bbox 891 852 1010 893; x_wconf 87' lang='lat' dir='ltr'><strong>possit:</strong></span> <span class='ocrx_word' id='word_1_126' title='bbox 1035 852 1130 883; x_wconf 81' lang='lat' dir='ltr'><strong>Ambo</strong></span> <span class='ocrx_word' id='word_1_127' title='bbox 1152 855 1338 893; x_wconf 56' lang='lat' dir='ltr'><strong>opponuntur</strong></span> 
     </span>
     <span class='ocr_line' id='line_1_15' title="bbox 179 908 1337 953; baseline 0 -12"><span class='ocrx_word' id='word_1_128' title='bbox 179 912 217 950; x_wconf 84' lang='lat' dir='ltr'><strong>ei,</strong></span> <span class='ocrx_word' id='word_1_129' title='bbox 241 911 321 953; x_wconf 79' lang='lat' dir='ltr'><strong>quod</strong></span> <span class='ocrx_word' id='word_1_130' title='bbox 342 913 479 942; x_wconf 72' lang='lat' dir='ltr'><strong>neutrum</strong></span> <span class='ocrx_word' id='word_1_131' title='bbox 501 913 567 942; x_wconf 75' lang='lat' dir='ltr'><strong>est?</strong></span> <span class='ocrx_word' id='word_1_132' title='bbox 592 909 693 943; x_wconf 77' lang='lat' dir='ltr'><strong>Quasi</strong></span> <span class='ocrx_word' id='word_1_133' title='bbox 717 914 771 940; x_wconf 81' lang='lat' dir='ltr'><strong>aut</strong></span> <span class='ocrx_word' id='word_1_134' title='bbox 794 908 898 941; x_wconf 87' lang='lat' dir='ltr'><strong>omnis</strong></span> <span class='ocrx_word' id='word_1_135' title='bbox 923 919 985 946; x_wconf 87' lang='lat' dir='ltr'><strong>res,</strong></span> <span class='ocrx_word' id='word_1_136' title='bbox 1010 919 1089 950; x_wconf 85' lang='lat' dir='ltr'><strong>quae</strong></span> <span class='ocrx_word' id='word_1_137' title='bbox 1112 918 1176 939; x_wconf 93' lang='lat' dir='ltr'><strong>non</strong></span> <span class='ocrx_word' id='word_1_138' title='bbox 1193 913 1243 940; x_wconf 85' lang='lat' dir='ltr'><strong>est</strong></span> <span class='ocrx_word' id='word_1_139' title='bbox 1258 908 1337 941; x_wconf 79' lang='lat' dir='ltr'><strong>haec</strong></span> 
     </span>
     <span class='ocr_line' id='line_1_16' title="bbox 179 964 1338 1008; baseline -0.002 -10"><span class='ocrx_word' id='word_1_140' title='bbox 179 967 272 998; x_wconf 85' lang='lat' dir='ltr'><strong>ambo</strong></span> <span class='ocrx_word' id='word_1_141' title='bbox 297 966 389 1005; x_wconf 81' lang='lat' dir='ltr'><strong>mala,</strong></span> <span class='ocrx_word' id='word_1_142' title='bbox 414 966 450 998; x_wconf 91' lang='lat' dir='ltr'><strong>iis</strong></span> <span class='ocrx_word' id='word_1_143' title='bbox 476 971 668 1008; x_wconf 86' lang='lat' dir='ltr'><strong>opponatur,</strong></span> <span class='ocrx_word' id='word_1_144' title='bbox 694 971 748 996; x_wconf 87' lang='lat' dir='ltr'><strong>aut</strong></span> <span class='ocrx_word' id='word_1_145' title='bbox 770 965 848 997; x_wconf 83' lang='lat' dir='ltr'><strong>haec</strong></span> <span class='ocrx_word' id='word_1_146' title='bbox 878 964 971 996; x_wconf 81' lang='lat' dir='ltr'><strong>ambo</strong></span> <span class='ocrx_word' id='word_1_147' title='bbox 1004 964 1086 996; x_wconf 78' lang='lat' dir='ltr'><strong>mala</strong></span> <span class='ocrx_word' id='word_1_148' title='bbox 1114 975 1253 1007; x_wconf 82' lang='lat' dir='ltr'><strong>unquam</strong></span> <span class='ocrx_word' id='word_1_149' title='bbox 1285 964 1338 997; x_wconf 82' lang='lat' dir='ltr'><strong>alii</strong></span> 
     </span>
     <span class='ocr_line' id='line_1_17' title="bbox 180 1020 1335 1065; baseline -0.002 -11"><span class='ocrx_word' id='word_1_150' title='bbox 180 1022 235 1061; x_wconf 87' lang='lat' dir='ltr'><strong>rei,</strong></span> <span class='ocrx_word' id='word_1_151' title='bbox 260 1033 354 1065; x_wconf 86' lang='lat' dir='ltr'><strong>quam</strong></span> <span class='ocrx_word' id='word_1_152' title='bbox 380 1033 460 1064; x_wconf 83' lang='lat' dir='ltr'><strong>quae</strong></span> <span class='ocrx_word' id='word_1_153' title='bbox 480 1032 544 1053; x_wconf 92' lang='lat' dir='ltr'><strong>non</strong></span> <span class='ocrx_word' id='word_1_154' title='bbox 569 1027 619 1054; x_wconf 84' lang='lat' dir='ltr'><strong>est</strong></span> <span class='ocrx_word' id='word_1_155' title='bbox 643 1022 721 1053; x_wconf 80' lang='lat' dir='ltr'><strong>haec</strong></span> <span class='ocrx_word' id='word_1_156' title='bbox 745 1020 838 1052; x_wconf 83' lang='lat' dir='ltr'><strong>ambo</strong></span> <span class='ocrx_word' id='word_1_157' title='bbox 863 1021 960 1060; x_wconf 82' lang='lat' dir='ltr'><strong>mala,</strong></span> <span class='ocrx_word' id='word_1_158' title='bbox 986 1021 1204 1063; x_wconf 86' lang='lat' dir='ltr'><strong>opponantur!</strong></span> <span class='ocrx_word' id='word_1_159' title='bbox 1227 1020 1335 1064; x_wconf 51' lang='lat'><strong>&amp;⁷135-</strong></span> 
     </span>
     <span class='ocr_line' id='line_1_18' title="bbox 180 1074 1335 1121; baseline -0.001 -11"><span class='ocrx_word' id='word_1_160' title='bbox 180 1091 258 1119; x_wconf 79' lang='grc' dir='ltr'><em>τερον</em></span> <span class='ocrx_word' id='word_1_161' title='bbox 282 1079 366 1110; x_wconf 84' lang='lat' dir='ltr'><strong>idem</strong></span> <span class='ocrx_word' id='word_1_162' title='bbox 391 1083 450 1117; x_wconf 87' lang='lat' dir='ltr'><strong>est,</strong></span> <span class='ocrx_word' id='word_1_163' title='bbox 475 1078 559 1121; x_wconf 90' lang='lat' dir='ltr'><strong>quod</strong></span> <span class='ocrx_word' id='word_1_164' title='bbox 585 1077 684 1110; x_wconf 87' lang='lat' dir='ltr'><strong>Stoici</strong></span> <span class='ocrx_word' id='word_1_165' title='bbox 707 1083 822 1119; x_wconf 75' lang='lat' dir='ltr'><strong>postea</strong></span> <span class='ocrx_word' id='word_1_166' title='bbox 845 1074 1005 1117; x_wconf 74' lang='grc' dir='ltr'>ἀδιάφορον</span> <span class='ocrx_word' id='word_1_167' title='bbox 1028 1081 1238 1117; x_wconf 79' lang='lat' dir='ltr'><strong>vocaverunt,</strong></span> <span class='ocrx_word' id='word_1_168' title='bbox 1262 1076 1283 1110; x_wconf 89' lang='lat' dir='ltr'><strong>i.</strong></span> <span class='ocrx_word' id='word_1_169' title='bbox 1307 1087 1335 1109; x_wconf 88' lang='lat' dir='ltr'><strong>e.</strong></span> 
     </span>
     <span class='ocr_line' id='line_1_19' title="bbox 179 1132 1337 1177; baseline -0.002 -11"><span class='ocrx_word' id='word_1_170' title='bbox 179 1145 282 1177; x_wconf 88' lang='lat' dir='ltr'><strong>neque</strong></span> <span class='ocrx_word' id='word_1_171' title='bbox 305 1134 425 1166; x_wconf 89' lang='lat' dir='ltr'><strong>bonum</strong></span> <span class='ocrx_word' id='word_1_172' title='bbox 451 1145 554 1176; x_wconf 91' lang='lat' dir='ltr'><strong>neque</strong></span> <span class='ocrx_word' id='word_1_173' title='bbox 578 1134 707 1173; x_wconf 77' lang='lat' dir='ltr'><strong>malum,</strong></span> <span class='ocrx_word' id='word_1_174' title='bbox 730 1133 786 1165; x_wconf 86' lang='lat' dir='ltr'><strong>sed</strong></span> <span class='ocrx_word' id='word_1_175' title='bbox 811 1133 949 1165; x_wconf 86' lang='lat' dir='ltr'><strong>medium</strong></span> <span class='ocrx_word' id='word_1_176' title='bbox 974 1133 1121 1176; x_wconf 78' lang='lat' dir='ltr'><strong>quiddam</strong></span> <span class='ocrx_word' id='word_1_177' title='bbox 1147 1132 1279 1175; x_wconf 70' lang='grc' dir='ltr'><strong>(μέσον)ε</strong></span> <span class='ocrx_word' id='word_1_178' title='bbox 1304 1138 1337 1165; x_wconf 84' lang='lat' dir='ltr'><strong>et</strong></span> 
     </span>
     <span class='ocr_line' id='line_1_20' title="bbox 182 1183 1335 1233; baseline -0.001 -11"><span class='ocrx_word' id='word_1_179' title='bbox 182 1183 271 1233; x_wconf 72' lang='grc' dir='ltr'>ἄμφω</span> <span class='ocrx_word' id='word_1_180' title='bbox 295 1191 334 1222; x_wconf 83' lang='lat' dir='ltr'><strong>ad</strong></span> <span class='ocrx_word' id='word_1_181' title='bbox 355 1187 441 1221; x_wconf 75' lang='grc' dir='ltr'><em>κακόν</em></span> <span class='ocrx_word' id='word_1_182' title='bbox 459 1195 491 1221; x_wconf 85' lang='lat' dir='ltr'><strong>et</strong></span> <span class='ocrx_word' id='word_1_183' title='bbox 515 1186 627 1230; x_wconf 66' lang='grc' dir='ltr'><em>ἀγαθόν</em></span> <span class='ocrx_word' id='word_1_184' title='bbox 643 1190 842 1221; x_wconf 81' lang='lat' dir='ltr'><strong>referendum</strong></span> <span class='ocrx_word' id='word_1_185' title='bbox 867 1195 925 1221; x_wconf 89' lang='lat' dir='ltr'><strong>est.</strong></span> <span class='ocrx_word' id='word_1_186' title='bbox 967 1190 1063 1221; x_wconf 85' lang='lat' dir='ltr'><strong>Verte</strong></span> <span class='ocrx_word' id='word_1_187' title='bbox 1080 1189 1191 1231; x_wconf 69' lang='lat' dir='ltr'><strong>igitur-2</strong></span> <span class='ocrx_word' id='word_1_188' title='bbox 1215 1190 1335 1221; x_wconf 74' lang='lat' dir='ltr'><strong>Malum</strong></span> 
     </span>
     <span class='ocr_line' id='line_1_21' title="bbox 181 1245 1333 1288; baseline 0.001 -11"><span class='ocrx_word' id='word_1_189' title='bbox 181 1247 259 1278; x_wconf 80' lang='lat' dir='ltr'><strong>malo</strong></span> <span class='ocrx_word' id='word_1_190' title='bbox 282 1248 445 1288; x_wconf 73' lang='lat' dir='ltr'><strong>oppositum</strong></span> <span class='ocrx_word' id='word_1_191' title='bbox 469 1250 520 1285; x_wconf 71' lang='lat' dir='ltr'><strong>est,</strong></span> <span class='ocrx_word' id='word_1_192' title='bbox 545 1249 574 1277; x_wconf 85' lang='lat' dir='ltr'><strong>et</strong></span> <span class='ocrx_word' id='word_1_193' title='bbox 595 1247 706 1278; x_wconf 82' lang='lat' dir='ltr'><strong>malum</strong></span> <span class='ocrx_word' id='word_1_194' title='bbox 728 1249 757 1278; x_wconf 83' lang='lat' dir='ltr'><strong>et</strong></span> <span class='ocrx_word' id='word_1_195' title='bbox 777 1247 882 1278; x_wconf 79' lang='lat' dir='ltr'><strong>bonum</strong></span> <span class='ocrx_word' id='word_1_196' title='bbox 906 1247 1011 1277; x_wconf 84' lang='lat' dir='ltr'><strong>medio.</strong></span> <span class='ocrx_word' id='word_1_197' title='bbox 1042 1245 1134 1277; x_wconf 88' lang='lat' dir='ltr'>Unde</span> <span class='ocrx_word' id='word_1_198' title='bbox 1158 1246 1333 1278; x_wconf 85' lang='lat' dir='ltr'><strong>secundum</strong></span> 
     </span>
     <span class='ocr_line' id='line_1_22' title="bbox 180 1301 1333 1344; baseline 0 -10"><span class='ocrx_word' id='word_1_199' title='bbox 180 1302 398 1343; x_wconf 88' lang='lat' dir='ltr'><strong>Speusippum</strong></span> <span class='ocrx_word' id='word_1_200' title='bbox 412 1302 564 1344; x_wconf 89' lang='lat' dir='ltr'><strong>sequitur,</strong></span> <span class='ocrx_word' id='word_1_201' title='bbox 589 1302 796 1344; x_wconf 82' lang='lat' dir='ltr'><strong>voluptatem,</strong></span> <span class='ocrx_word' id='word_1_202' title='bbox 823 1301 884 1334; x_wconf 87' lang='lat' dir='ltr'><strong>etsi</strong></span> <span class='ocrx_word' id='word_1_203' title='bbox 897 1301 997 1333; x_wconf 87' lang='lat' dir='ltr'><strong>dolori</strong></span> <span class='ocrx_word' id='word_1_204' title='bbox 1011 1302 1202 1343; x_wconf 82' lang='lat' dir='ltr'><strong>oppositam,</strong></span> <span class='ocrx_word' id='word_1_205' title='bbox 1226 1307 1333 1334; x_wconf 76' lang='lat' dir='ltr'><strong>tamen</strong></span> 
     </span>
     <span class='ocr_line' id='line_1_23' title="bbox 179 1357 1333 1399; baseline 0.001 -10"><span class='ocrx_word' id='word_1_206' title='bbox 179 1358 321 1390; x_wconf 86' lang='lat' dir='ltr'><strong>nondum</strong></span> <span class='ocrx_word' id='word_1_207' title='bbox 347 1358 454 1389; x_wconf 82' lang='lat' dir='ltr'><strong>statim</strong></span> <span class='ocrx_word' id='word_1_208' title='bbox 479 1369 549 1390; x_wconf 86' lang='lat' dir='ltr'><strong>esse</strong></span> <span class='ocrx_word' id='word_1_209' title='bbox 573 1358 710 1396; x_wconf 82' lang='lat' dir='ltr'><strong>bonum3</strong></span> <span class='ocrx_word' id='word_1_210' title='bbox 735 1368 830 1399; x_wconf 91' lang='lat' dir='ltr'><strong>posse</strong></span> <span class='ocrx_word' id='word_1_211' title='bbox 855 1357 938 1389; x_wconf 91' lang='lat' dir='ltr'><strong>enim</strong></span> <span class='ocrx_word' id='word_1_212' title='bbox 963 1357 1058 1389; x_wconf 82' lang='lat' dir='ltr'><strong>etiam</strong></span> <span class='ocrx_word' id='word_1_213' title='bbox 1082 1358 1221 1389; x_wconf 89' lang='lat' dir='ltr'><strong>medium</strong></span> <span class='ocrx_word' id='word_1_214' title='bbox 1252 1369 1333 1396; x_wconf 78' lang='lat' dir='ltr'><strong>esee,</strong></span> 
     </span>
     <span class='ocr_line' id='line_1_24' title="bbox 179 1410 1333 1455; baseline 0.001 -10"><span class='ocrx_word' id='word_1_215' title='bbox 179 1425 251 1446; x_wconf 90' lang='lat' dir='ltr'><strong>cum</strong></span> <span class='ocrx_word' id='word_1_216' title='bbox 276 1418 309 1445; x_wconf 79' lang='lat' dir='ltr'><strong>et</strong></span> <span class='ocrx_word' id='word_1_217' title='bbox 332 1414 470 1446; x_wconf 88' lang='lat' dir='ltr'><strong>medium</strong></span> <span class='ocrx_word' id='word_1_218' title='bbox 496 1414 579 1445; x_wconf 85' lang='lat' dir='ltr'><strong>malo</strong></span> <span class='ocrx_word' id='word_1_219' title='bbox 604 1415 645 1446; x_wconf 86' lang='lat' dir='ltr'><strong>sit</strong></span> <span class='ocrx_word' id='word_1_220' title='bbox 674 1414 871 1455; x_wconf 70' lang='lat' dir='ltr'><strong>oppositum.</strong></span> <span class='ocrx_word' id='word_1_221' title='bbox 895 1432 939 1437; x_wconf 93' lang='lat'>—</span> <span class='ocrx_word' id='word_1_222' title='bbox 968 1413 1092 1454; x_wconf 78' lang='grc' dir='ltr'><strong>λέγοντες</strong></span> <span class='ocrx_word' id='word_1_223' title='bbox 1119 1413 1211 1446; x_wconf 77' lang='grc' dir='ltr'><strong>ταῦτα</strong></span> <span class='ocrx_word' id='word_1_224' title='bbox 1235 1415 1262 1445; x_wconf 81' lang='grc' dir='ltr'><strong>ὸ’</strong></span> <span class='ocrx_word' id='word_1_225' title='bbox 1286 1410 1333 1453; x_wconf 76' lang='grc' dir='ltr'><strong>οὗ)</strong></span> 
     </span>
     <span class='ocr_line' id='line_1_25' title="bbox 179 1469 1332 1512; baseline 0 -10"><span class='ocrx_word' id='word_1_226' title='bbox 179 1471 240 1503; x_wconf 89' lang='lat' dir='ltr'><strong>Pro</strong></span> <span class='ocrx_word' id='word_1_227' title='bbox 265 1469 389 1511; x_wconf 77' lang='grc' dir='ltr'><strong>λέγοντες</strong></span> <span class='ocrx_word' id='word_1_228' title='bbox 414 1470 541 1502; x_wconf 84' lang='lat' dir='ltr'><strong>exhibet</strong></span> <span class='ocrx_word' id='word_1_229' title='bbox 564 1470 706 1511; x_wconf 67' lang='grc' dir='ltr'><strong>λέγεσθαι</strong></span> <span class='ocrx_word' id='word_1_230' title='bbox 726 1469 781 1509; x_wconf 69' lang='lat' dir='ltr'><strong>Kb,</strong></span> <span class='ocrx_word' id='word_1_231' title='bbox 808 1477 882 1512; x_wconf 88' lang='lat' dir='ltr'><strong>post</strong></span> <span class='ocrx_word' id='word_1_232' title='bbox 905 1471 986 1502; x_wconf 86' lang='lat' dir='ltr'><strong>hanc</strong></span> <span class='ocrx_word' id='word_1_233' title='bbox 1001 1481 1112 1502; x_wconf 86' lang='lat' dir='ltr'><strong>vocem</strong></span> <span class='ocrx_word' id='word_1_234' title='bbox 1126 1470 1332 1512; x_wconf 83' lang='lat' dir='ltr'><strong>distinguens,</strong></span> 
     </span>
     <span class='ocr_line' id='line_1_26' title="bbox 180 1526 1332 1569; baseline 0 -10"><span class='ocrx_word' id='word_1_235' title='bbox 180 1532 212 1559; x_wconf 83' lang='lat' dir='ltr'><strong>et</strong></span> <span class='ocrx_word' id='word_1_236' title='bbox 235 1527 408 1559; x_wconf 83' lang='lat' dir='ltr'><strong>secnndum</strong></span> <span class='ocrx_word' id='word_1_237' title='bbox 432 1526 614 1559; x_wconf 83' lang='lat' dir='ltr'><strong>Bekkerum</strong></span> <span class='ocrx_word' id='word_1_238' title='bbox 639 1529 667 1558; x_wconf 69' lang='lat' dir='ltr'><strong>d’</strong></span> <span class='ocrx_word' id='word_1_239' title='bbox 689 1538 831 1565; x_wconf 80' lang='lat' dir='ltr'><strong>servans,</strong></span> <span class='ocrx_word' id='word_1_240' title='bbox 857 1527 941 1569; x_wconf 90' lang='lat' dir='ltr'><strong>quod</strong></span> <span class='ocrx_word' id='word_1_241' title='bbox 966 1526 1083 1558; x_wconf 81' lang='lat' dir='ltr'><strong>omittit</strong></span> <span class='ocrx_word' id='word_1_242' title='bbox 1099 1526 1170 1565; x_wconf 79' lang='lat' dir='ltr'><strong>Par,</strong></span> <span class='ocrx_word' id='word_1_243' title='bbox 1194 1526 1332 1559; x_wconf 88' lang='lat' dir='ltr'><strong>Wilkin-</strong></span> 
     </span>
     <span class='ocr_line' id='line_1_27' title="bbox 178 1582 1332 1621; baseline 0 -7"><span class='ocrx_word' id='word_1_244' title='bbox 178 1593 276 1615; x_wconf 85' lang='lat' dir='ltr'><strong>sonus</strong></span> <span class='ocrx_word' id='word_1_245' title='bbox 301 1583 369 1615; x_wconf 88' lang='lat' dir='ltr'><strong>sine</strong></span> <span class='ocrx_word' id='word_1_246' title='bbox 393 1584 544 1615; x_wconf 81' lang='lat' dir='ltr'><strong>varietate</strong></span> <span class='ocrx_word' id='word_1_247' title='bbox 569 1584 726 1621; x_wconf 86' lang='lat' dir='ltr'><strong>codicum,</strong></span> <span class='ocrx_word' id='word_1_248' title='bbox 752 1582 883 1621; x_wconf 84' lang='lat' dir='ltr'><strong>Coraes,</strong></span> <span class='ocrx_word' id='word_1_249' title='bbox 915 1588 947 1614; x_wconf 88' lang='lat' dir='ltr'><strong>et</strong></span> <span class='ocrx_word' id='word_1_250' title='bbox 971 1582 1133 1614; x_wconf 84' lang='lat' dir='ltr'><strong>Bekkerus</strong></span> <span class='ocrx_word' id='word_1_251' title='bbox 1157 1583 1332 1615; x_wconf 88' lang='lat' dir='ltr'><strong>secundum</strong></span> 
     </span>
     <span class='ocr_line' id='line_1_28' title="bbox 178 1638 1333 1682; baseline -0.001 -11"><span class='ocrx_word' id='word_1_252' title='bbox 178 1639 315 1681; x_wconf 88' lang='lat' dir='ltr'><strong>reliquos</strong></span> <span class='ocrx_word' id='word_1_253' title='bbox 340 1650 415 1671; x_wconf 87' lang='lat' dir='ltr'><strong>suos</strong></span> <span class='ocrx_word' id='word_1_254' title='bbox 440 1639 577 1672; x_wconf 90' lang='lat' dir='ltr'><strong>codices.</strong></span> <span class='ocrx_word' id='word_1_255' title='bbox 617 1639 892 1682; x_wconf 81' lang='lat' dir='ltr'><strong>Metayphysicam</strong></span> <span class='ocrx_word' id='word_1_256' title='bbox 916 1639 956 1671; x_wconf 89' lang='lat' dir='ltr'><strong>de</strong></span> <span class='ocrx_word' id='word_1_257' title='bbox 980 1638 1136 1680; x_wconf 86' lang='lat' dir='ltr'><strong>oppositis</strong></span> <span class='ocrx_word' id='word_1_258' title='bbox 1159 1638 1333 1682; x_wconf 88' lang='lat' dir='ltr'><strong>Speusippi</strong></span> 
     </span>
     <span class='ocr_line' id='line_1_29' title="bbox 178 1695 1332 1737; baseline 0 -10"><span class='ocrx_word' id='word_1_259' title='bbox 178 1695 368 1727; x_wconf 77' lang='lat' dir='ltr'><strong>sententiam</strong></span> <span class='ocrx_word' id='word_1_260' title='bbox 393 1695 583 1727; x_wconf 84' lang='lat' dir='ltr'><strong>Aristoteles</strong></span> <span class='ocrx_word' id='word_1_261' title='bbox 608 1707 672 1727; x_wconf 89' lang='lat' dir='ltr'><strong>non</strong></span> <span class='ocrx_word' id='word_1_262' title='bbox 704 1697 903 1737; x_wconf 83' lang='lat' dir='ltr'><strong>vituperans,</strong></span> <span class='ocrx_word' id='word_1_263' title='bbox 935 1695 1193 1737; x_wconf 82' lang='lat' dir='ltr'><strong>consequentiam</strong></span> <span class='ocrx_word' id='word_1_264' title='bbox 1224 1700 1332 1727; x_wconf 83' lang='lat' dir='ltr'><strong>tamen</strong></span> 
     </span>
     <span class='ocr_line' id='line_1_30' title="bbox 177 1751 1332 1795; baseline 0.002 -13"><span class='ocrx_word' id='word_1_265' title='bbox 177 1752 332 1793; x_wconf 79' lang='lat' dir='ltr'><strong>voluptati</strong></span> <span class='ocrx_word' id='word_1_266' title='bbox 356 1751 528 1783; x_wconf 79' lang='lat' dir='ltr'><strong>adhibitam</strong></span> <span class='ocrx_word' id='word_1_267' title='bbox 551 1752 688 1794; x_wconf 85' lang='lat' dir='ltr'><strong>respuit:</strong></span> <span class='ocrx_word' id='word_1_268' title='bbox 713 1753 909 1795; x_wconf 79' lang='lat' dir='ltr'><strong>voluptatem</strong></span> <span class='ocrx_word' id='word_1_269' title='bbox 927 1751 1010 1782; x_wconf 87' lang='lat' dir='ltr'><strong>enim</strong></span> <span class='ocrx_word' id='word_1_270' title='bbox 1034 1762 1098 1783; x_wconf 93' lang='lat' dir='ltr'><strong>non</strong></span> <span class='ocrx_word' id='word_1_271' title='bbox 1116 1762 1187 1783; x_wconf 84' lang='lat' dir='ltr'><strong>esse</strong></span> <span class='ocrx_word' id='word_1_272' title='bbox 1211 1751 1332 1784; x_wconf 89' lang='lat' dir='ltr'><strong>medio-</strong></span> 
     </span>
     <span class='ocr_line' id='line_1_31' title="bbox 177 1807 1333 1850; baseline 0.001 -11"><span class='ocrx_word' id='word_1_273' title='bbox 177 1818 256 1846; x_wconf 83' lang='lat' dir='ltr'><strong>rum,</strong></span> <span class='ocrx_word' id='word_1_274' title='bbox 281 1818 353 1839; x_wconf 91' lang='lat' dir='ltr'><strong>cum</strong></span> <span class='ocrx_word' id='word_1_275' title='bbox 378 1818 448 1839; x_wconf 82' lang='lat' dir='ltr'><strong>enm</strong></span> <span class='ocrx_word' id='word_1_276' title='bbox 473 1814 622 1850; x_wconf 75' lang='lat' dir='ltr'><strong>tanquam</strong></span> <span class='ocrx_word' id='word_1_277' title='bbox 647 1808 764 1840; x_wconf 90' lang='lat' dir='ltr'><strong>bonum</strong></span> <span class='ocrx_word' id='word_1_278' title='bbox 794 1818 1029 1850; x_wconf 79' lang='lat' dir='ltr'><strong>persequamur,</strong></span> <span class='ocrx_word' id='word_1_279' title='bbox 1060 1807 1103 1838; x_wconf 75' lang='lat' dir='ltr'><strong>ita</strong></span> <span class='ocrx_word' id='word_1_280' title='bbox 1127 1811 1161 1838; x_wconf 77' lang='lat' dir='ltr'><strong>ut</strong></span> <span class='ocrx_word' id='word_1_281' title='bbox 1185 1807 1333 1850; x_wconf 75' lang='lat' dir='ltr'><strong>opposita</strong></span> 
     </span>
    </p>
   </div>
   <div class='ocr_carea' id='block_1_5' title="bbox 177 1860 1331 1963">
    <p class='ocr_par' dir='ltr' id='par_1_6' title="bbox 177 1860 1331 1963">
     <span class='ocr_line' id='line_1_32' title="bbox 177 1860 1331 1907; baseline -0.001 -12"><span class='ocrx_word' id='word_1_282' title='bbox 177 1864 219 1896; x_wconf 81' lang='lat' dir='ltr'><strong>sit</strong></span> <span class='ocrx_word' id='word_1_283' title='bbox 241 1864 418 1896; x_wconf 81' lang='lat' dir='ltr'><strong>necessarie</strong></span> <span class='ocrx_word' id='word_1_284' title='bbox 443 1864 554 1902; x_wconf 89' lang='lat' dir='ltr'><strong>dolori,</strong></span> <span class='ocrx_word' id='word_1_285' title='bbox 587 1876 696 1907; x_wconf 76' lang='lat' dir='ltr'><strong>quam.</strong></span> <span class='ocrx_word' id='word_1_286' title='bbox 728 1871 761 1896; x_wconf 85' lang='lat' dir='ltr'><strong>ut</strong></span> <span class='ocrx_word' id='word_1_287' title='bbox 792 1865 925 1903; x_wconf 77' lang='lat' dir='ltr'><strong>malum,</strong></span> <span class='ocrx_word' id='word_1_288' title='bbox 954 1863 1119 1906; x_wconf 76' lang='lat' dir='ltr'><strong>fugiamus,</strong></span> <span class='ocrx_word' id='word_1_289' title='bbox 1145 1881 1184 1887; x_wconf 93' lang='lat'>—</span> <span class='ocrx_word' id='word_1_290' title='bbox 1210 1860 1331 1906; x_wconf 82' lang='grc' dir='ltr'>ἆμφοῖν)</span> 
     </span>
     <span class='ocr_line' id='line_1_33' title="bbox 178 1911 1330 1963; baseline 0 -12"><span class='ocrx_word' id='word_1_291' title='bbox 178 1931 222 1952; x_wconf 89' lang='lat' dir='ltr'><strong>sc.</strong></span> <span class='ocrx_word' id='word_1_292' title='bbox 247 1920 296 1961; x_wconf 75' lang='grc' dir='ltr'><strong>τῆς</strong></span> <span class='ocrx_word' id='word_1_293' title='bbox 321 1915 418 1961; x_wconf 75' lang='grc' dir='ltr'><em>ἡδονῆς</em></span> <span class='ocrx_word' id='word_1_294' title='bbox 442 1918 489 1951; x_wconf 82' lang='grc' dir='ltr'><strong>καὶ</strong></span> <span class='ocrx_word' id='word_1_295' title='bbox 514 1920 563 1962; x_wconf 77' lang='grc' dir='ltr'><strong>τῆς</strong></span> <span class='ocrx_word' id='word_1_296' title='bbox 587 1917 688 1962; x_wconf 64' lang='grc' dir='ltr'>λύπης.</span> <span class='ocrx_word' id='word_1_297' title='bbox 712 1939 750 1945; x_wconf 70' lang='lat'>—</span> <span class='ocrx_word' id='word_1_298' title='bbox 779 1920 845 1953; x_wconf 73' lang='grc' dir='ltr'>εἶναι</span> <span class='ocrx_word' id='word_1_299' title='bbox 870 1913 977 1963; x_wconf 61' lang='grc' dir='ltr'>ἄμφω)</span> <span class='ocrx_word' id='word_1_300' title='bbox 1001 1911 1090 1962; x_wconf 62' lang='grc' dir='ltr'><strong>ἄμφω</strong></span> <span class='ocrx_word' id='word_1_301' title='bbox 1114 1917 1180 1952; x_wconf 71' lang='grc' dir='ltr'>εἶναι</span> <span class='ocrx_word' id='word_1_302' title='bbox 1205 1919 1330 1952; x_wconf 87' lang='lat' dir='ltr'><strong>Bekke-</strong></span> 
     </span>
    </p>
   </div>
   <div class='ocr_carea' id='block_1_6' title="bbox 177 1969 1369 2196">
    <p class='ocr_par' dir='ltr' id='par_1_7' title="bbox 177 1969 1369 2196">
     <span class='ocr_line' id='line_1_34' title="bbox 177 1969 1330 2020; baseline 0 -12"><span class='ocrx_word' id='word_1_303' title='bbox 177 1986 298 2008; x_wconf 85' lang='lat' dir='ltr'><strong>rus.-—·</strong></span> <span class='ocrx_word' id='word_1_304' title='bbox 322 1976 375 2007; x_wconf 82' lang='grc' dir='ltr'><strong>τῶν</strong></span> <span class='ocrx_word' id='word_1_305' title='bbox 397 1976 556 2018; x_wconf 76' lang='grc' dir='ltr'>μηδετέρων</span> <span class='ocrx_word' id='word_1_306' title='bbox 581 1976 628 2015; x_wconf 79' lang='grc' dir='ltr'><strong>δέ)</strong></span> <span class='ocrx_word' id='word_1_307' title='bbox 655 1988 697 2009; x_wconf 88' lang='lat' dir='ltr'><strong>sc.</strong></span> <span class='ocrx_word' id='word_1_308' title='bbox 725 1974 831 2020; x_wconf 71' lang='grc' dir='ltr'><em>ἀμφοῖν</em></span> <span class='ocrx_word' id='word_1_309' title='bbox 856 1969 946 2009; x_wconf 70' lang='grc' dir='ltr'>ὄντων.</span> <span class='ocrx_word' id='word_1_310' title='bbox 984 1976 1043 2008; x_wconf 85' lang='lat' dir='ltr'><strong>Hic</strong></span> <span class='ocrx_word' id='word_1_311' title='bbox 1055 1975 1184 2008; x_wconf 80' lang='lat' dir='ltr'><strong>tandem</strong></span> <span class='ocrx_word' id='word_1_312' title='bbox 1207 1980 1330 2008; x_wconf 66' lang='lat' dir='ltr'><strong>veheres</strong></span> 
     </span>
     <span class='ocr_line' id='line_1_35' title="bbox 177 2031 1330 2075; baseline 0.001 -11"><span class='ocrx_word' id='word_1_313' title='bbox 177 2031 366 2074; x_wconf 85' lang='lat' dir='ltr'><strong>interpretes</strong></span> <span class='ocrx_word' id='word_1_314' title='bbox 390 2043 499 2064; x_wconf 86' lang='lat' dir='ltr'><strong>verum</strong></span> <span class='ocrx_word' id='word_1_315' title='bbox 515 2033 602 2065; x_wconf 89' lang='lat' dir='ltr'><strong>vocis</strong></span> <span class='ocrx_word' id='word_1_316' title='bbox 625 2033 778 2075; x_wconf 72' lang='grc' dir='ltr'>μηδέτερον</span> <span class='ocrx_word' id='word_1_317' title='bbox 795 2045 924 2066; x_wconf 89' lang='lat' dir='ltr'><strong>sensum</strong></span> <span class='ocrx_word' id='word_1_318' title='bbox 938 2039 1125 2075; x_wconf 78' lang='lat' dir='ltr'><strong>agnoscunt.</strong></span> <span class='ocrx_word' id='word_1_319' title='bbox 1149 2032 1330 2065; x_wconf 78' lang='lat' dir='ltr'><strong>Eustratius</strong></span> 
     </span>
     <span class='ocr_line' id='line_1_36' title="bbox 178 2081 1332 2133; baseline 0 -13"><span class='ocrx_word' id='word_1_320' title='bbox 178 2088 262 2120; x_wconf 85' lang='lat' dir='ltr'><strong>enim</strong></span> <span class='ocrx_word' id='word_1_321' title='bbox 286 2088 422 2130; x_wconf 81' lang='lat' dir='ltr'><strong>explicat</strong></span> <span class='ocrx_word' id='word_1_322' title='bbox 442 2081 551 2131; x_wconf 72' lang='grc' dir='ltr'><strong>μηὸὲ</strong></span> <span class='ocrx_word' id='word_1_323' title='bbox 537 2102 601 2122; x_wconf 80' lang='grc' dir='ltr'><strong><em>οντα</em></strong></span> <span class='ocrx_word' id='word_1_324' title='bbox 621 2103 692 2132; x_wconf 76' lang='grc' dir='ltr'><strong>μητε</strong></span> <span class='ocrx_word' id='word_1_325' title='bbox 718 2088 793 2122; x_wconf 66' lang='grc' dir='ltr'><em>κακαὶ</em></span> <span class='ocrx_word' id='word_1_326' title='bbox 812 2087 882 2133; x_wconf 74' lang='grc' dir='ltr'>μήτε</span> <span class='ocrx_word' id='word_1_327' title='bbox 904 2087 1018 2132; x_wconf 67' lang='grc' dir='ltr'><strong>ἀγαθοί,</strong></span> <span class='ocrx_word' id='word_1_328' title='bbox 1034 2094 1067 2121; x_wconf 86' lang='lat' dir='ltr'><strong>et</strong></span> <span class='ocrx_word' id='word_1_329' title='bbox 1086 2089 1124 2120; x_wconf 80' lang='lat' dir='ltr'><strong>ad</strong></span> <span class='ocrx_word' id='word_1_330' title='bbox 1142 2083 1332 2131; x_wconf 68' lang='grc' dir='ltr'>μηδέτερον,ἧ</span> 
     </span>
     <span class='ocr_line' id='line_1_37' title="bbox 179 2139 1369 2196; baseline 0.002 -20"><span class='ocrx_word' id='word_1_331' title='bbox 179 2140 278 2188; x_wconf 68' lang='grc' dir='ltr'><strong><em>ὅμοιως</em></strong></span> <span class='ocrx_word' id='word_1_332' title='bbox 287 2144 432 2179; x_wconf 76' lang='lat' dir='ltr'><strong>adnotat:</strong></span> <span class='ocrx_word' id='word_1_333' title='bbox 448 2158 493 2178; x_wconf 67' lang='lat' dir='ltr'><strong>ro:</strong></span> <span class='ocrx_word' id='word_1_334' title='bbox 493 2139 673 2185; x_wconf 71' lang='grc' dir='ltr'><strong><em>τέστιν,ουτε</em></strong></span> <span class='ocrx_word' id='word_1_335' title='bbox 683 2144 768 2188; x_wconf 58' lang='lat' dir='ltr'><strong>sperit&gt;</strong></span> <span class='ocrx_word' id='word_1_336' title='bbox 758 2160 828 2190; x_wconf 77' lang='grc' dir='ltr'><strong>μεν,</strong></span> <span class='ocrx_word' id='word_1_337' title='bbox 841 2159 904 2180; x_wconf 72' lang='lat' dir='ltr'><strong>cure</strong></span> <span class='ocrx_word' id='word_1_338' title='bbox 917 2143 1060 2189; x_wconf 73' lang='grc' dir='ltr'><strong><em>διωκσμεν.</em></strong></span> <span class='ocrx_word' id='word_1_339' title='bbox 1073 2139 1251 2188; x_wconf 76' lang='grc' dir='ltr'><strong><em>ηομοίως,</em></strong></span> <span class='ocrx_word' id='word_1_340' title='bbox 1266 2157 1329 2188; x_wconf 65' lang='grc' dir='ltr'><strong>ῃτοι</strong></span> <span class='ocrx_word' id='word_1_341' title='bbox 1365 2190 1369 2196; x_wconf 41' lang='grc'><em>.</em></span> 
     </span>
    </p>
   </div>
   <div class='ocr_carea' id='block_1_7' title="bbox 1368 0 1438 2342">
    <p class='ocr_par' dir='ltr' id='par_1_8' title="bbox 1368 0 1438 2342">
     <span class='ocr_line' id='line_1_38' title="bbox 1368 0 1438 2342; baseline 0 0"><span class='ocrx_word' id='word_1_342' title='bbox 1368 0 1438 2342; x_wconf 95' lang='lat' dir='ltr'><strong> </strong></span> 
     </span>
    </p>
   </div>
  </div>
 </body>
</html>
