1439 2342
820 0 1439 15 γὴ

537 43 609 69 Libri
631 43 676 69 111.
719 43 783 77 Cup.
807 43 826 68 1.
1189 43 1260 78 103

102 153 141 184 ad
165 149 184 194 ἢ
203 151 254 196 μή,
277 151 364 195 ψόγοι
387 154 428 185 ad
452 151 514 193 περὶ
538 150 603 191 τούς
627 150 868 193 ἅναψιασὲὲέντας,
893 163 964 184 cum
982 151 1034 183 καί
1053 153 1137 184 idem
1157 153 1259 185 valeat

102 214 196 251 atque
220 201 255 250 ἦ,
286 214 322 240 ut
345 209 471 251 saepius
495 209 527 240 in
551 209 599 240 his
623 207 709 240 libris
734 208 877 240 occurrit.
925 208 1056 250 Proprie
1080 214 1187 240 tamen
1211 209 1262 240 καί

101 264 234 303 indicat,
258 270 444 307 utrumque,
468 269 501 296 et
523 264 648 296 laudem
673 270 706 296 et
729 264 1009 306 vituperationem,
1034 265 1072 295 ad
1095 269 1258 307 utrosque,

101 326 134 353 et
155 331 210 352 eos
235 320 288 362 qui
312 320 412 352 coacti
435 320 562 352 fuerunt
585 326 618 352 et
641 331 696 351 eos
722 320 774 361 qui
799 331 863 350 non
887 320 988 351 coacti
1010 321 1152 359 fuerunt,
1176 321 1257 352 refe—

100 375 233 407 rendum
253 386 340 415 esse;
365 380 433 407 tum
452 376 531 407 haec
550 375 660 406 ultima
679 375 858 406 enunciatio
882 376 920 407 ad
939 381 1039 407 totam
1060 377 1087 417 ᾧ.
1108 381 1259 418 tanquam

100 432 167 473 ejus
198 431 425 473 consequentia
454 430 561 463 referri
590 430 730 462 deberet.
776 430 850 462 Jam
881 431 925 462 sic
956 437 989 462 et
1018 432 1144 474 vulgata
1171 429 1207 463 τοὶ
1231 433 1258 462 δ’

100 483 294 527 ἀναγκάζοντα
329 487 531 518 commodum
561 486 728 528 praeberet
760 497 899 518 sensum.
959 487 1101 518 Scilicet:
1144 489 1260 519 Partim

100 553 174 584 quae
196 546 418 583 exspectaram,
442 544 563 574 molesta
588 546 673 581 sunt,
692 544 810 582 partim
832 553 907 584 quae
929 547 1050 584 coymaet,
1075 545 1191 584 impia,
1215 544 1259 575 ita

99 603 134 630 ut
157 599 260 640 turpia
283 610 346 630 non
372 599 436 630 sint
460 598 589 630 crimina
618 603 650 629 et
674 598 814 630 actiones
840 604 964 640 turpes,
1001 599 1040 630 ad
1071 610 1148 640 quas
1172 606 1259 631 metu

99 654 312 686 molestiarum
338 654 565 696 compellimur,
591 655 646 685 sed
670 655 859 696 ignominiae
880 660 912 686 et
935 655 1154 693 contumeliae,
1179 666 1259 697 quae

99 711 138 742 ad
162 712 317 752 agendum
342 711 456 753 aliquid
480 722 540 742 nos
564 710 747 751 impellunt:
780 716 812 742 et
843 722 936 752 supra
968 712 995 752 ξ.
1011 712 1040 742 7.
1066 709 1188 752 αἰσχρόν
1210 711 1258 742 bis

98 767 158 798 hoc
188 778 284 798 sensu
315 767 460 798 occurrit.
519 764 749 807 Πρεσδοκώμενα
782 771 814 797 et
844 764 1037 807 ἀναγκάζοντα
1073 772 1140 798 tum
1173 773 1259 799 esset

97 823 180 853 idem
210 823 336 854 diverso
366 823 463 854 modo
488 833 691 864 expressum:
741 822 774 853 Si
804 822 940 853 molesta
969 833 1028 853 nos
1060 828 1256 864 exspectant,

98 878 198 909 coacti
215 878 255 909 ad
270 878 420 909 damnum
440 877 624 919 patiendum
645 878 819 916 laudamur,
845 879 1061 919 vituperamur
1080 879 1119 910 ad
1139 879 1256 910 crimen

97 934 214 972 coacti,
238 939 274 965 ut
295 934 404 966 Dolon
413 947 422 973 3
455 935 480 965 si
504 934 608 975 turpia
632 945 691 965 nos
718 940 852 975 cogunt,
883 935 1047 966 laudamur
1076 935 1115 965 ad
1140 934 1256 965 crimen

96 1001 160 1021 non
186 991 298 1028 coacti,
322 1001 386 1021 non
411 990 511 1021 coacti
534 990 574 1020 ad
598 990 822 1021 detrimentum
848 991 1081 1031 accipiendum,
1108 996 1144 1021 ut
1168 990 1256 1021 Gua-

97 1046 237 1084 timozin,
261 1046 486 1087 vituperamur.
530 1046 583 1077 Sic
599 1046 757 1077 Victorius
773 1046 931 1087 vulgatam
952 1046 1092 1077 defendit
1107 1052 1256 1088 tanquam

97 1102 212 1133 dictam
237 1102 276 1133 de
300 1102 430 1133 homine
452 1102 656 1142 ignominiam
674 1101 849 1137 subeuntis,
875 1112 915 1132 ne
935 1102 1016 1132 mala
1036 1101 1087 1132 illa
1105 1102 1256 1142 perferat3

96 1158 157 1189 hoc
177 1158 261 1189 enim
280 1169 355 1189 casu
371 1157 561 1198 ignominiae
579 1162 611 1187 et
628 1156 838 1187 contumeliae
855 1160 962 1196 cofflmt
976 1156 1014 1187 ad
1032 1156 1256 1188 detrimentum

96 1213 294 1254 capiendum.
341 1213 411 1244 Hoc
432 1218 464 1243 et
480 1212 640 1252 interpres
656 1222 787 1253 graecus
810 1211 869 1242 sibi
888 1211 988 1242 voluit
1006 1212 1145 1243 addens:
1172 1213 1256 1244 ἐπαι-

98 1268 205 1300 νοῦνται
228 1268 275 1310 μὲν
307 1269 332 1299 οἱ
362 1265 398 1299 ταὶ
428 1265 545 1309 λυπηροὶ
577 1265 633 1307 προ
665 1267 715 1298 τοῦ
750 1269 889 1300 παθεῖν
924 1264 961 1298 τοὶ
985 1266 1098 1308 αἰσχρὰ
1124 1266 1256 1310 ἑλόμενοι,

97 1325 233 1366 ψέγονται
257 1324 288 1355 ὁὶ
307 1325 332 1356 οἱ
350 1322 433 1365 φόβῳ
453 1323 507 1355 τῶν
526 1324 659 1364 λυπηρῶν
678 1319 855 1365 ὑπομένοντες
880 1321 916 1354 nl
941 1322 1063 1364 αἰσχρά.
1110 1325 1257 1366 Explicat

96 1381 190 1422 igitur
213 1385 377 1422 utramque
401 1380 589 1418 lectionem,
620 1380 664 1411 ita
694 1385 730 1410 ut
752 1379 831 1410 liber
854 1380 966 1410 tertius
997 1380 1124 1421 quidem
1154 1381 1257 1422 graeci

96 1436 319 1469 commentarii
350 1447 388 1467 ex
412 1436 539 1468 scholiis
563 1436 699 1478 plurium
732 1436 970 1467 consarcinatus
999 1447 1071 1468 esse
1102 1437 1255 1476 videatur,

97 1504 169 1525 cum
193 1498 226 1524 et
249 1503 359 1534 supra,
384 1492 499 1533 duplici
523 1492 562 1523 de
581 1492 774 1523 Alcmaeone
797 1492 1057 1533 interpretatione
1081 1494 1255 1534 proposita,

98 1549 228 1580 alteram
261 1559 340 1579 voce
370 1541 462 1585 ἄλλως
496 1548 680 1579 introduxit.
738 1548 809 1579 Jam
846 1554 990 1579 nostrum
1027 1549 1066 1579 ad
1093 1548 1198 1580 locum
1229 1550 1255 1581 si

97 1605 276 1642 redeamus,
300 1604 395 1645 eligat
410 1604 509 1635 lector
527 1615 565 1635 ex
584 1615 642 1635 suo
660 1604 792 1645 quisque
808 1603 934 1644 ingenio
950 1605 1255 1645 interpretationem,

99 1671 179 1703 quae
203 1660 262 1692 sibi
285 1659 420 1691 maxime
438 1660 589 1698 arriserit;
613 1660 689 1691 mihi
705 1659 790 1700 prior
806 1660 1011 1700 praeferenda
1026 1660 1159 1699 videtur,
1184 1672 1254 1692 cum

98 1723 190 1749 tenor
213 1715 364 1747 orationis
389 1715 624 1756 oppositionem
648 1716 730 1747 inter
756 1712 791 1746 τοὶ
815 1715 861 1757 μέν
884 1721 917 1747 et
941 1713 977 1747 τοὶ
1000 1715 1033 1747 δέ
1054 1717 1202 1758 requirat.

185 1773 213 1814 ᾧ.
242 1772 291 1803 10.
337 1771 504 1813 Repetitur
532 1771 591 1802 hac
616 1772 643 1812 ξ.
676 1772 818 1803 definitio
849 1772 1009 1803 actionum
1035 1772 1254 1811 violentarum,

96 1840 189 1870 quam
207 1829 234 1869 ξ.
252 1827 282 1861 3.
305 1829 371 1869 jam
395 1827 492 1866 dedit,
517 1834 549 1858 et
573 1839 652 1868 quae
676 1828 769 1860 tertio
793 1833 931 1859 recurret
953 1828 1032 1859 infra
1049 1829 1076 1869 ξ.
1099 1829 1153 1860 12:
1177 1830 1254 1861 item

95 1885 248 1927 repetitur
271 1895 309 1915 ex
334 1884 362 1925 ξ.
388 1883 418 1915 6.
449 1884 590 1915 definitio
621 1884 782 1916 actionum
814 1884 996 1917 mixtarum:
1039 1896 1119 1925 quae
1149 1885 1254 1916 omnia

97 1941 342 1982 praelectionem
366 1940 482 1981 magis,
509 1951 602 1982 quam
627 1940 740 1972 librum
765 1940 902 1982 sapiunt.

185 1997 213 2037 ξ.
231 1997 243 2028 1
256 1997 280 2028 1.
311 1996 486 2037 Postquam
501 2002 610 2028 auctor
623 1997 662 2028 de
676 1997 854 2035 honestate,
869 2008 948 2038 quae
965 2007 1024 2027 nos
1040 1997 1078 2027 ad
1091 1996 1252 2027 molestias

96 2052 276 2084 subeundas
300 2052 443 2093 impellit,
468 2059 500 2084 et
518 2053 557 2084 de
574 2053 728 2085 molestiis
745 2053 870 2085 locutus
888 2058 947 2091 est,
973 2064 1049 2094 quas
1066 2058 1101 2083 ut
1118 2052 1252 2083 vitemus

96 2108 134 2139 ad
158 2108 261 2149 turpia
285 2108 427 2140 facienda
450 2109 604 2150 cogimur:
637 2111 702 2151 jam
734 2110 772 2141 de
796 2109 959 2149 voluptate
982 2109 1136 2150 loquitur,
1173 2119 1252 2149 quae
