1439 2342
162 45 237 82 238
437 46 617 74 Commenta.
638 45 672 72 nd
693 45 803 73 Aristot.
823 45 910 74 Ethie.
931 45 1036 74 Nicom.

165 156 338 188 differentia
376 153 600 186 incontinentis
629 158 662 185 et
691 153 930 195 intemperantis
961 153 1204 194 interrumperet
1237 162 1317 194 quo-

164 211 336 243 dammodo
363 210 608 251 descriptionem
637 209 768 241 duarum
800 209 975 251 specierum
1008 208 1062 240 τῶν
1091 204 1131 250 μὴ
1160 206 1317 249 προαίρου-

163 267 257 309 μένων,
282 277 396 307 nempe
421 265 582 297 mollitiem
608 271 641 297 et
662 266 922 298 incontinentiam
948 265 985 307 (ξ.
1011 264 1041 297 4.
1065 264 1156 305 init.).
1187 264 1251 296 Sed
1268 268 1318 296 est

164 323 224 355 hoc
258 333 321 353 non
357 333 374 353 a
409 322 636 353 consuetudine
677 321 855 353 Aristotelis
895 321 1042 353 alienum.
1101 321 1208 353 Quare
1246 331 1318 352 cum
1364 310 1366 313 Ι

163 378 299 420 Aspasio
324 373 389 416 ὥςτε
419 377 603 418 διαφέρουσιν
633 374 764 420 ἀλλήλων
794 378 832 409 de
858 377 1090 420 intemperante
1120 382 1153 408 et
1181 376 1318 423 inconti-
1350 381 1365 394 ‘⁴

164 439 259 466 nente
283 434 483 476 accipiamus,
508 434 756 466 incontinentem
781 444 838 475 pro
861 438 930 465 toto
954 444 1068 475 genere
1084 432 1138 464 τῶν
1152 429 1194 475 μὴ
1212 444 1318 473 προαι-

164 489 299 532 ρουμένων
323 490 462 532 positum
488 495 648 531 putantes.
695 491 738 522 Et
761 495 941 532 postquam,
967 489 1141 522 differentia
1164 488 1246 521 inter
1267 488 1316 520 in-

164 547 380 578 continentem
398 552 430 577 et
446 546 706 588 intemperantem
725 537 879 587 exposita,
903 546 1058 578 aberravit
1073 557 1091 577 a
1107 544 1318 587 descriptione

164 602 389 634 incontinentis
414 607 446 634 et
470 602 590 641 mollis,
629 602 666 634 ad
691 602 824 634 eandem
850 602 947 641 redit,
972 607 1006 633 ut
1028 601 1146 633 indicat
1168 601 1319 643 particula

164 656 209 690 ὅτ’.
237 676 273 681 -
302 655 383 690 παντὶ
409 659 435 689 ‹3'
460 651 491 689 ἆυ
515 655 604 699 ὁέξειε
628 657 739 699 χείρων)
765 658 867 699 Supra
885 659 952 700 jam
977 658 1036 689 hoc
1055 657 1221 690 discrimen
1237 658 1319 689 inter

164 716 429 756 intemperantem
452 719 484 746 et
509 715 757 747 incontinentem
772 716 891 747 Noster
911 714 1074 757 exposuit3
1091 714 1129 746 cf.
1145 726 1171 746 c.
1188 713 1218 753 4,
1240 714 1268 755 ξ.
1285 713 1316 746 ὃ.

163 772 283 814 Supple
306 771 398 813 igitur
422 783 492 802 oum
517 760 654 813 Aspasio
680 767 693 802 ὃ
717 767 890 810 ἀκόλαστος,
914 777 949 802 ut
972 782 988 802 e
1012 770 1075 802 fine
1099 771 1125 812 ᾧ.
1150 775 1289 812 apparet.

253 827 280 868 ξ.
318 827 348 858 4.
401 827 452 858 τῶν
483 823 517 868 ὀὴ
553 826 725 867 λεχθέντων)
773 827 841 859 Hae
877 838 940 858 non
977 837 1046 859 esse
1084 833 1220 868 possunt
1257 825 1318 857 nisi

163 883 274 915 ambae
305 883 426 925 species
458 883 509 914 τῶι
541 879 580 925 μγ)
616 882 855 925 πρεαιρευμένων,
894 893 1023 925 quarum
1053 887 1223 924 utrumque
1258 892 1316 914 no-

162 951 234 971 men
261 940 327 982 jam
359 951 442 971 nunc
474 940 609 981 profert,
642 951 713 972 cum
737 940 764 981 ξ.
795 939 825 971 3.
855 944 978 971 tantum
1008 938 1233 970 incontinentis
1257 949 1316 970 no·

162 1006 234 1027 men
283 995 493 1037 proposuerit.
562 996 643 1028 Cum
687 995 770 1027 enim
811 995 1060 1027 incontinentem
1102 1005 1159 1036 pro
1201 1005 1316 1036 genere

161 1051 232 1093 ipso
257 1051 432 1093 posuisset,
462 1052 529 1093 jam
565 1063 649 1084 nunc
680 1064 714 1083 se
745 1051 872 1093 corrigit
901 1057 933 1083 et
961 1051 1036 1083 dicit
1064 1051 1155 1082 aliam
1179 1051 1316 1092 speciem

161 1108 266 1150 potius
292 1107 425 1150 (μᾶλλον)
450 1119 519 1139 esse
542 1107 694 1150 μαλακίαν.
734 1108 841 1150 Itaque
867 1103 881 1138 ὃ
905 1109 932 1139 δ’
956 1103 1127 1145 ἀκόλαστος,
1152 1107 1236 1150 quod
1257 1117 1315 1149 pro

162 1160 175 1195 ὁ
201 1164 227 1194 δ’
247 1160 371 1205 ἀκρατής
399 1164 437 1195 ab
468 1164 614 1196 Eudemo
638 1165 814 1205 profectum
843 1153 970 1202 zellius,
1003 1163 1206 1202 Cardwellus,
1230 1163 1313 1195 Bek-

161 1219 255 1251 kerus
279 1220 346 1251 sine
369 1220 514 1252 codicum
539 1231 667 1251 suorum
692 1220 853 1258 varietate,
879 1230 936 1251 nec
960 1230 1023 1251 non
1049 1218 1110 1258 *A,
1134 1220 1171 1258 Β,
1190 1219 1228 1258 C,
1245 1220 1313 1251 Ven

160 1276 282 1318 legunt,
313 1287 409 1308 sensu
439 1282 525 1308 caret
548 1276 651 1308 omni:
688 1273 849 1314 ἀκόλαστος
884 1275 967 1307 enim
1002 1286 1131 1317 prorsus
1166 1286 1228 1306 non
1265 1280 1315 1307 est

160 1343 274 1374 genere
305 1332 357 1363 τῶν
386 1329 425 1374 μὴ
458 1331 689 1374 προαιρουμένων.
752 1331 971 1363 Wilkinsonus
1008 1331 1154 1363 codicum
1185 1341 1314 1362 suorum

159 1388 327 1419 lectionem
351 1387 466 1419 variam
491 1394 523 1420 et
546 1388 613 1430 ipse
637 1399 699 1419 non
725 1387 858 1419 afferens
877 1387 953 1429 legit
968 1383 1103 1429 ἀκρατής.
1138 1387 1191 1419 Sic
1207 1392 1314 1428 aperte

160 1444 254 1475 etiam
280 1444 515 1485 paraphrastes,
539 1444 710 1485 Aspasius,
734 1443 959 1485 Argyropylus,
984 1442 1170 1482 Lambinus,
1195 1443 1313 1475 Coraes

161 1505 220 1532 etc.
270 1499 356 1532 Quid
380 1511 492 1541 magna
521 1511 592 1541 pars
624 1500 767 1532 codicum
800 1499 966 1538 exhibeat,
996 1510 1060 1531 non
1091 1499 1205 1542 liquet,
1241 1510 1312 1531 cum

161 1567 283 1594 verear,
319 1561 355 1587 ut
384 1555 518 1597 inspecti
547 1556 626 1594 sint;
666 1555 862 1598 occurritque
886 1556 952 1597 jam
976 1566 1070 1598 supra
1093 1555 1202 1587 similis
1227 1566 1313 1588 error

162 1613 205 1652 (c.
243 1611 279 1649 4,
317 1612 344 1652 ξ.
374 1611 426 1650 5).
481 1612 616 1644 Chai-tas
649 1612 828 1643 Aristotelis
867 1612 914 1643 his
945 1612 1021 1644 locis
1053 1611 1211 1643 vermibus
1243 1622 1312 1644 cor-

159 1678 248 1698 rosas
285 1668 451 1705 (Miclzelet:
488 1669 625 1700 Examen
665 1670 792 1709 critique
826 1669 862 1700 de
895 1669 1045 1709 l'ouvraye
1076 1669 1239 1700 d’Ariatote
1267 1669 1314 1700 in-

159 1724 240 1755 titule'
273 1724 519 1764 Mr³lapltysique,
548 1736 581 1765 p.
618 1726 646 1756 7.
682 1727 710 1756 et
746 1723 802 1762 13)
845 1724 925 1755 male
964 1724 1190 1766 suppleverunt
1223 1723 1312 1756 Peri-

160 1779 298 1821 patetici.
362 1779 495 1811 Garvius
539 1792 651 1822 magna
689 1792 760 1812 cum
800 1780 974 1812 offensione
1008 1780 1117 1822 μᾶλλον
1147 1780 1191 1811 ita
1219 1780 1312 1811 intel-

159 1835 240 1876 ligit,
279 1835 367 1876 quasi
391 1835 493 1866 mollis
518 1835 619 1867 adhuc
649 1836 737 1877 pejor
761 1837 818 1875 sit;
853 1836 947 1868 vertit
969 1835 1061 1878 igitur
1083 1840 1231 1878 tanquam
1255 1846 1312 1877 pro

160 1887 174 1921 ὃ
199 1891 225 1921 δ’
257 1887 381 1932 ἀκρατής
411 1891 560 1932 scriptum
594 1891 635 1922 sit
666 1890 716 1923 τοῦ
746 1888 920 1924 ἀκολάστου.
980 1892 1129 1924 Ceterum
1155 1891 1181 1924 C
1206 1891 1313 1924 omisit

158 1946 276 1988 μᾶλλον,
301 1946 330 1978 in
357 1947 382 1978 Β
407 1946 545 1978 secunda
569 1958 680 1978 manus
705 1948 936 1990 superscripsit.

249 2003 277 2044 ξ.
301 2003 332 2034 5.
371 1996 398 2041 ἒς
422 1999 505 2043 ἕλκει)
549 2003 680 2034 Zellius:
705 2004 858 2043 „Vestem
882 2004 1006 2036 trahere
1029 2003 1153 2036 delicati
1175 2003 1311 2036 hominis

159 2061 268 2090 nota.“
313 2058 465 2090 Nonnulli
487 2063 597 2090 eontra
619 2058 744 2093 codices
769 2070 808 2090 ex
830 2060 975 2092 Eudemo
999 2065 1032 2092 et
1054 2059 1262 2101 Paraphraste
1283 2051 1311 2098 ὃς

160 2109 211 2145 οὐκ
227 2110 314 2146 ἕλκεις
330 2116 380 2156 qui
397 2126 433 2147 ne
448 2116 555 2147 attollit
565 2116 696 2156 quidem5
719 2115 777 2147 sed
794 2121 869 2148 tunc
884 2122 993 2148 auctor
1009 2116 1140 2148 dixisset
1154 2113 1237 2156 αἴρει,
1261 2115 1310 2148 vel
