1439 2342
222 96 271 130 98
503 99 681 124 Commentnr.
708 97 741 122 ud
763 96 870 122 Aristot.
892 95 977 122 Echio.
999 95 1101 122 Nicom.

223 207 363 238 conferre
386 204 536 243 voluerit3
572 203 789 246 quaestionem
820 207 926 235 autem
949 203 1088 243 moveri,
1115 202 1280 235 ridiculum
1304 212 1392 234 esse.

222 273 284 292 non
309 266 428 302 potest.
474 259 688 292 Nihilominus
710 259 888 291 Felicianus
917 259 1009 291 aliam
1037 258 1267 301 interpretandi
1291 257 1374 290 viam
1398 256 1404 264 ⁴

221 316 403 357 ingreditur,
427 321 460 348 et
483 316 585 357 ipsam
609 315 685 347 satis
709 319 844 346 acutam.
890 315 940 347 Ad
965 313 1123 356 πράττεται
1137 313 1284 347 videlicet
1299 312 1375 345 sub-

221 371 308 402 audit
330 371 440 413 μᾶλλον
465 371 514 412 (cf.
539 381 634 412 supra
657 371 696 402 ad
719 370 762 408 ll,
787 382 812 402 c.
837 370 875 409 8,
900 372 928 413 §.
952 370 996 411 8),
1021 376 1054 403 et
1075 371 1119 403 ita
1142 370 1287 412 explicat,
1311 373 1376 408 „ut

221 426 363 458 dubitare
387 427 574 459 Aristoteles
598 427 736 465 dicatur,
767 437 849 464 non,
879 437 917 457 an
942 437 996 465 ea,
1032 438 1111 469 quae
1139 426 1180 458 ob
1203 426 1374 457 honestum

219 482 334 524 aliquid
349 483 440 521 fiunt,
463 489 639 524 spontanea
654 483 728 520 sint,
753 483 809 514 sed
825 493 905 524 quae
921 483 1075 524 majorum
1090 483 1244 514 malorum
1261 481 1374 513 timore

218 540 332 579 mayis,
363 549 456 580 quam
479 538 654 570 honestatis
679 549 774 570 causa
797 543 948 579 aguntur3
981 539 1007 569 si
1038 538 1122 570 enim
1153 537 1263 580 aliquis
1286 541 1374 568 metu

218 593 346 635 alicujus
378 594 451 625 mali
479 594 681 625 honestatem
713 598 937 635 postponeret,
974 594 1012 625 de
1043 604 1082 626 eo
1112 593 1228 635 ambigi
1260 593 1373 625 merito

217 655 337 690 posset,
361 654 517 691 spontene
541 661 580 681 an
604 648 720 680 invitus
745 649 901 690 egisset:“
925 649 1045 681 scilicet
1060 649 1090 680 in
1109 649 1264 690 exemplo,
1288 648 1373 690 quod

217 709 322 736 textus
347 705 507 746 proponit,
530 705 604 744 „ille
629 715 687 746 pro
707 715 835 736 suorum
861 705 961 736 salute
986 705 1186 737 honestatem
1203 716 1266 736 non
1283 715 1371 736 vere-

217 766 302 792 retur
325 766 518 802 postponere
550 772 586 792 ac
617 760 719 802 turpia
743 763 959 801 perpetrare.“
1005 762 1075 792 Nec
1098 760 1277 798 abnuerim,
1312 760 1373 792 hoc

218 817 314 848 modo
336 827 521 848 evanescere
546 816 774 854 difficultatem,
800 827 854 847 cur
879 821 988 857 tangat
1005 817 1072 857 jam
1096 816 1146 847 hic
1166 816 1308 848 actiones
1330 815 1372 847 ob

217 873 386 904 honestum
399 872 515 914 aliquid
529 877 703 913 susceptas,
728 873 767 903 de
786 871 899 913 quibus
923 872 950 912 ξ.
966 873 996 904 7.
1009 877 1043 903 et
1057 872 1108 904 11.
1122 872 1250 903 demum
1264 871 1371 912 dispu-

217 927 344 960 tabitur.
398 928 533 959 Garvius
556 928 639 958 hunc
663 927 783 958 nodum
812 928 856 958 ita
885 927 1061 968 expedivit,
1092 934 1127 958 ut
1156 922 1175 967 ἢ
1206 923 1254 958 διαὶ
1285 924 1371 958 καλόν

217 997 243 1014 τι
273 985 305 1014 in
332 983 477 1014 versione
508 983 599 1024 plane
630 983 781 1014 omiserit.
839 982 982 1024 Vulgaris
1013 988 1119 1014 tamen
1149 983 1370 1024 interpretatio

217 1039 352 1070 eundem
377 1049 504 1070 sensum
528 1037 673 1079 praebet,
709 1049 802 1080 quem
818 1038 968 1069 Feliciani
987 1039 1170 1080 explicatio,
1197 1039 1371 1070 dummodo

218 1105 296 1136 quae
319 1091 367 1125 ὀιεῖ
390 1091 477 1126 καλόν
502 1107 527 1125 τι
559 1099 693 1135 aguntur
723 1095 783 1125 hoc
814 1094 884 1125 loco
916 1105 979 1125 non
1012 1095 1195 1136 simpliciter
1225 1095 1370 1137 accipias,

216 1155 252 1181 ut
276 1151 304 1191 ξ.
326 1150 382 1188 11,
407 1150 447 1181 de
470 1150 507 1181 iis
531 1160 610 1191 quae
634 1149 709 1181 boni
733 1150 803 1181 idea
827 1150 906 1181 moti
930 1150 1062 1191 agimus,
1086 1151 1142 1182 sed
1166 1162 1222 1183 eos
1245 1151 1370 1183 dolores

216 1211 270 1237 aut
293 1205 482 1237 detrimenta
504 1205 669 1246 intelligas,
694 1216 773 1247 quae
797 1205 886 1237 inviti
909 1206 1098 1247 suscipimus
1115 1207 1293 1238 honestatis
1313 1208 1369 1239 ali-

216 1262 303 1303 cujus
323 1272 435 1300 causa;
453 1262 498 1295 ,de
514 1272 577 1302 quo
597 1267 775 1293 coactarum
793 1262 952 1293 actionum
969 1272 1083 1303 genere
1100 1263 1275 1294 accuratius
1291 1263 1370 1295 infra

215 1318 243 1358 ξ.
269 1317 348 1349 7-9.
373 1322 482 1348 noster
494 1318 706 1359 Philosophus
718 1318 878 1349 locuturus
895 1323 954 1349 est.
991 1318 1065 1349 Duo
1078 1318 1170 1359 igitur
1183 1323 1291 1350 coacte
1303 1319 1367 1351 sac-

214 1378 318 1404 torum
342 1383 457 1414 genera
480 1374 606 1404 statuit:
631 1373 763 1404 alterum
789 1384 897 1404 corum
919 1384 998 1414 quae
1014 1373 1094 1404 fiunt
1109 1379 1197 1405 metu
1214 1375 1367 1416 majorum

214 1429 367 1460 malorum
392 1423 459 1463 (go-a
476 1425 524 1459 διαὶ
541 1426 629 1467 φόβον
645 1426 772 1470 μειζόνων
788 1429 881 1460 κακῶν
898 1426 1079 1469 πράττεται),
1101 1429 1234 1461 alterum
1257 1441 1367 1462 eorum

215 1495 292 1526 quae
316 1484 462 1515 vitandae
486 1484 688 1525 turpitudinis
719 1495 813 1516 causa
837 1489 891 1515 aut
915 1484 956 1515 ob
980 1484 1148 1516 honestum
1172 1485 1287 1527 aliquid
1310 1497 1366 1528 pa·
1422 1520 1425 1523 ,

213 1540 306 1571 timur
329 1544 383 1571 aut
406 1539 526 1581 agimus
552 1536 611 1579 (6ιαῖ
626 1537 713 1571 καλόν
730 1541 777 1579 τι),
814 1540 848 1571 In
865 1540 968 1580 priore
986 1551 1100 1581 genere
1119 1551 1214 1582 saepe
1227 1542 1368 1583 cogimur

213 1596 251 1627 ad
275 1601 366 1636 turpe
390 1595 504 1636 aliquid
524 1595 709 1633 faciendum,
735 1606 774 1627 ne
794 1596 876 1627 mala
891 1596 1119 1637 perpetiamur:
1143 1596 1174 1627 in
1191 1598 1366 1638 posteriore

212 1656 322 1682 contra
344 1651 511 1682 honestate
535 1651 647 1689 coacti,
672 1657 726 1682 aut
748 1662 788 1683 ne
808 1651 911 1693 turpia
926 1651 1087 1690 faciamus,
1110 1653 1191 1684 mala
1209 1653 1365 1694 quaedam

212 1707 365 1747 patimur,
396 1711 460 1743 aut,
490 1713 525 1738 ut
547 1707 681 1738 honesta
704 1718 927 1749 exsequamur,
959 1708 1085 1739 dolores
1116 1708 1271 1749 quosdam
1294 1720 1364 1741 sus-

212 1761 355 1803 cipimus.
380 1781 421 1784 -
454 1760 625 1802 πράξαντος)
651 1761 806 1803 πράξαντες
830 1769 863 1795 et
885 1774 959 1795 mox
981 1761 1021 1805 μὴ
1045 1761 1202 1804 πράξαντες
1227 1764 1364 1796 Wilkin-

211 1818 281 1849 soni
297 1817 432 1854 codices,
456 1816 518 1855 Mb,
542 1816 599 1855 Νι),
623 1819 702 1855 Ven,
726 1819 802 1855 Ald3
827 1819 965 1861 itemque
981 1820 1052 1858 Par,
1077 1820 1134 1851 sed
1151 1821 1364 1863 superscripta

209 1873 334 1914 vulgata
366 1873 517 1911 lectione3
559 1874 732 1905 secundum
757 1875 965 1907 Cardwellum
1004 1875 1104 1907 codex
1131 1875 1364 1908 Laurentianus

211 1926 279 1968 (Kb)
297 1925 454 1968 πράξαντος
473 1946 510 1951 -
525 1925 564 1969 μὴ
582 1927 749 1969 πράξαντος,
765 1944 776 1961 ε
793 1930 958 1972 utrobique
975 1931 1205 1972 superscripto;
1223 1929 1363 1973 πράξαντι

210 1982 267 2015 Ob.
315 1983 380 2015 Sed
404 1981 562 2024 πράξαντος
585 1989 634 2014 est
658 1995 730 2016 vera
755 1986 864 2024 lectio,
897 1987 928 2017 ni
952 1986 1028 2017 velis
1053 1986 1282 2019 nominativum
1306 1987 1363 2019 ab-

210 2039 348 2070 solutum
371 2038 547 2070 admittere.
594 2040 688 2071 Refer
717 2039 875 2082 npa‘goevrog
906 2042 946 2072 ad
971 2053 1062 2080 eum,
1098 2042 1184 2083 cujus
1214 2043 1378 2083 parente}
1413 2041 1416 2046 ’

210 2101 264 2125 aut
286 2094 373 2126 liberi
402 2095 433 2125 in
457 2098 615 2136 potestate
639 2097 762 2136 tyranni
787 2103 876 2133 sunt,
913 2097 965 2138 qui
994 2097 1120 2139 quidem
1148 2097 1229 2129 hanc
1259 2097 1367 2139 ipsam

211 2149 251 2179 ob
275 2161 401 2181 causam
427 2161 538 2190 cogere
562 2161 632 2182 eum
658 2157 764 2190 potest
789 2152 826 2182 ad
845 2152 959 2192 aliquid
974 2152 1162 2185 faciendum.
1199 2150 1361 2193 Πρᾶξαντές
