1439 2342
484 92 556 119 Libri
579 92 624 119 111.
668 92 732 127 Cup.
755 93 774 118 1.
1159 91 1204 127 97

50 200 85 233 Si
109 200 193 232 enim
217 210 312 242 agens
338 201 398 232 scit
421 201 546 242 quidem
571 211 683 232 omnes
708 200 975 238 circumstantias,
1007 201 1063 232 sed
1090 201 1205 242 princi-

50 256 136 297 pium
161 256 275 297 agendi
297 261 386 288 extra
409 267 481 287 eum
507 262 571 293 est,
596 256 693 288 habes
717 257 871 288 violenter
894 256 1029 293 factum;
1060 257 1107 288 sin
1132 267 1207 289 vero

49 311 237 353 principium
262 311 388 353 quidem
412 312 524 353 agendi
548 313 578 342 in
602 312 672 353 ipso
697 318 756 349 est,
781 313 836 344 sed
858 323 907 344 res
928 313 1078 354 quasdam
1100 313 1207 354 singu-

51 367 95 399 las
118 367 252 409 ignorat,
276 367 374 399 habes
398 378 454 409 per
476 368 684 409 ignorantiam
708 368 834 399 factum.
876 369 982 410 ltaque
1006 369 1070 400 duo
1093 379 1208 410 genera

50 423 208 455 actionum
232 424 329 455 invite
344 424 497 456 factarum
511 423 699 455 Aristoteles
717 423 829 455 attulit.
868 424 932 456 Sed
951 425 1208 465 praetermissum

49 484 99 511 est
122 479 161 511 ab
185 490 223 511 eo
248 480 376 511 tertium
398 490 517 522 genus,
542 490 656 521 nempe
680 490 804 518 earum,
829 479 942 521 quibus
966 485 1098 522 utraque
1113 491 1209 521 spon-

49 535 133 566 tanei
163 535 304 567 conditio
333 536 441 574 deest;
478 537 516 567 de
548 547 610 577 quo
645 535 737 566 tertio
773 546 888 577 genere
919 536 1079 567 actionum
1112 536 1209 567 invite

48 591 199 622 factarum
223 597 351 623 nosmet
373 592 451 633 ipsi.
485 591 688 623 Aristotelem
714 592 917 633 supplentes,
941 592 1035 623 verba
1060 592 1207 623 fecimus:

36 648 166 688 »Sy-stem
189 649 243 679 cler
260 649 522 688 philosophi-sichen
548 649 667 686 Moral,
704 659 734 688 p.
759 648 886 681 27-28.
943 649 1024 680 Sunt
1054 648 1209 690 ejusmodi

49 703 190 735 actiones
215 714 281 741 eae,
306 703 336 734 in
363 704 475 745 quibus
498 704 546 734 vis
571 716 588 734 a
612 709 723 734 natura
748 704 899 744 profecta,
924 705 942 734 i.
969 715 995 736 e.
1021 705 1208 746 principium

48 765 232 791 extraneum
264 763 314 798 (ut
338 770 486 797 somnus,
515 759 647 796 insania,
673 759 824 798 ebrietas)
857 771 922 790 non
947 770 1003 800 per
1027 771 1061 791 se
1087 770 1146 790 nos
1171 760 1209 791 ad

2 855 5 861 .
49 815 206 857 agendum
223 815 356 856 impellit
372 820 404 846 et
417 815 511 856 cogit,
529 815 585 846 sed
602 825 659 856 per
672 815 882 855 ignorantiam
895 815 1210 847 circumstantiarum.

6 867 7 870 ¹
49 882 87 903 ex
110 871 180 912 ipso
205 871 234 901 in
260 870 352 902 nobis
371 876 483 902 ortam.
530 871 724 912 Principium
741 876 846 901 tamen
864 871 940 902 illud
957 876 1121 903 externum
1139 883 1210 902 cuni

4 952 11 975 b
49 938 114 959 non
138 933 202 958 tam
228 926 346 958 directe
371 934 464 968 cogat
494 938 587 968 quam
618 926 663 957 vis
697 927 815 967 major,
848 927 943 957 etiam
973 927 1141 968 imputatio
1174 938 1210 958 ex

7 999 9 1004 ·
49 983 147 1025 gradu
170 988 203 1014 et
224 984 322 1014 modo
346 994 459 1014 causae
484 982 674 1024 impellentis
707 982 756 1013 vel
777 982 871 1023 plane
895 983 998 1013 locum
1022 983 1138 1014 habere
1163 984 1210 1013 vel

6 1061 12 1084 2
49 1039 135 1070 nulla
159 1049 231 1070 esse
256 1039 305 1070 vel
330 1038 526 1080 aliquatenus
552 1038 676 1069 admitti
691 1038 819 1079 poterit.
844 1058 886 1062 —
905 1038 1068 1079 κομίσαιτε)
1094 1039 1211 1079 κομίσαι

8 1086 13 1122 f
52 1095 116 1133 El,
140 1095 211 1132 Par,
236 1095 303 1126 Ven
328 1100 361 1126 et
376 1094 564 1126 Bekkeriani
588 1094 725 1131 codices,
750 1099 883 1134 excepto
901 1093 964 1131 Mb,
990 1095 1041 1135 qui
1061 1105 1099 1125 ex
1115 1095 1210 1125 Para—

50 1151 180 1192 phraste
208 1148 322 1192 κινήσει.
371 1150 562 1182 Cardwellus
594 1156 626 1181 et
649 1149 813 1181 Bekkerus
845 1150 877 1180 in
901 1154 1022 1180 textum
1052 1160 1211 1190 recepere,

17 1206 19 1214 ‘
51 1218 123 1238 cum
148 1207 321 1238 secundum
339 1206 548 1238 Cardwellum
565 1216 638 1236 vera
654 1205 928 1246 grammaticorum
946 1206 1025 1236 ratio
1041 1206 1211 1237 lectionem

12 1286 15 1291 <
50 1263 130 1294 hanc
151 1267 288 1294 tueatur.
315 1281 353 1286 —
380 1255 529 1301 έῖιιθρωποι
552 1259 643 1301 κύριοι
670 1253 758 1300 ὄντες)
784 1261 1011 1302 paraphrastes
1033 1262 1138 1292 addit:
1164 1260 1211 1292 καὶ

49 1315 192 1359 δυνάμενοι
215 1320 294 1349 κινεῖν
318 1316 356 1360 μὴ
374 1316 549 1359 βουλόμενοι’.
596 1318 646 1349 Ne
663 1322 769 1348 tamen
786 1314 878 1356 κύριοι
895 1317 933 1348 de
952 1322 1109 1358 potestate
1134 1317 1210 1359 legi-

50 1375 125 1406 tima
149 1374 322 1415 intelligas,
351 1380 386 1405 ut
414 1373 477 1405 sint
499 1373 718 1414 magistratus,
751 1378 874 1414 patres,
907 1373 1025 1411 mariti,
1058 1373 1114 1404 sed
1140 1384 1211 1404 cum

51 1430 211 1472 Giphanio
237 1430 366 1461 omnino
391 1431 430 1461 de
454 1430 617 1467 omnibus,
643 1429 695 1470 qui
718 1428 811 1459 nobis
836 1428 900 1459 sint
922 1429 1122 1459 valentiores.

141 1487 169 1527 ᾧ.
193 1487 224 1518 4.
271 1481 290 1526 ἢ
305 1483 353 1517 dul
367 1483 454 1517 καλόν
471 1487 509 1524 τι)
537 1486 610 1517 Jam
623 1491 752 1525 tangere
770 1490 880 1515 auctor
895 1484 1021 1515 videtur
1036 1484 1212 1515 secundum

51 1553 151 1584 genus
177 1541 337 1573 actionum
361 1542 546 1578 mixtarum,
578 1541 698 1572 scilicet
728 1551 808 1581 quae
838 1539 878 1570 ob
903 1540 1072 1571 honestum
1097 1539 1213 1581 aliquid

51 1598 142 1636 fiunt,
167 1598 206 1629 de
219 1598 331 1639 quibus
346 1598 473 1629 demum
492 1597 519 1637 ξ.
540 1598 587 1627 ll.
608 1596 826 1636 disputaturus
844 1601 903 1633 est,
924 1607 995 1627 cum
1010 1606 1063 1627 eas
1075 1595 1213 1627 innuerit

53 1655 126 1696 §.T
155 1654 239 1693 init.;
279 1653 408 1684 tertium
440 1657 490 1684 est
521 1663 644 1690 earum,
681 1662 760 1693 quae
790 1652 835 1681 ira
869 1656 924 1682 aut
953 1651 1100 1692 cupidine
1134 1651 1216 1682 fiunt

54 1710 94 1752 (ξ.
119 1709 268 1749 21-2-1);
292 1720 348 1741 eae
371 1713 477 1740 autem
503 1719 580 1750 quas
597 1712 684 1739 metu
701 1707 803 1738 coacti
819 1707 1020 1747 suscipimus,
1045 1707 1084 1738 de
1101 1706 1214 1748 quibus

53 1765 84 1797 in
108 1771 217 1797 nostra
242 1766 270 1806 ξ.
296 1770 328 1796 et
352 1763 558 1806 sequentibus
582 1763 730 1804 loquitur,
755 1763 890 1804 primum
913 1774 1012 1804 genus
1031 1762 1214 1794 conficiunt.

55 1821 173 1855 Omnia
195 1832 271 1854 vero
295 1821 355 1852 tria
379 1820 546 1851 mixtarum
571 1820 732 1851 actionum
756 1829 882 1860 genera,
908 1819 1076 1860 praecipue
1101 1829 1215 1850 secun-

55 1878 129 1910 dum
160 1882 193 1909 et
215 1877 363 1915 tertium,
395 1882 574 1918 spontanea
597 1881 680 1907 sunt.
729 1875 809 1906 Vide
840 1885 918 1916 quae
951 1874 1014 1905 dixi
1045 1875 1163 1915 System
1187 1875 1215 1905 d.

37 1935 126 1974 phil.
150 1934 265 1971 Moral,
289 1943 320 1973 p.
346 1931 461 1965 34-39.
510 1932 685 1962 Felicianus
709 1931 874 1962 ridiculum
900 1936 932 1962 et
953 1930 1124 1961 absurdum
1149 1940 1215 1960 me-

55 1989 115 2021 rito
138 1989 237 2020 videri
267 1999 364 2030 posse
389 1988 594 2019 Aristotelem
618 1992 724 2028 putat,
755 1987 781 2017 si
811 1986 1030 2028 quaestionem
1063 1991 1216 2017 moveret,

58 2053 68 2078 ζῐ
86 2059 90 2072 ι
107 2060 124 2073 u
156 2055 261 2086 „quae
285 2043 326 2075 ob
350 2044 521 2075 honestum
539 2043 654 2085 aliquid
669 2043 761 2080 fiunt,
785 2048 902 2084 sponte
925 2053 964 2073 an
988 2041 1106 2072 invitus
1131 2040 1217 2081 quis-

41 2087 141 2144 ραω
165 2102 273 2141 agat.“
319 2099 384 2131 Sed
407 2100 486 2130 infra
504 2100 543 2140 (ξ.
560 2099 610 2138 11)
635 2098 824 2130 Aristoteles
842 2098 928 2135 dicit,
952 2097 1118 2128 ridiculum
1135 2106 1217 2133 esse,

41 2146 86 2188 si
109 2155 178 2197 quis
201 2156 406 2188 honestarum
436 2161 469 2186 et
498 2155 636 2195 turpium
668 2155 827 2186 actionum
864 2164 991 2185 causam
1027 2163 1091 2184 non
1122 2152 1155 2182 in
1185 2162 1219 2182 se

1003 2205 1018 2213 -v

84 2219 207 2239 comment.
219 2218 248 2238 nd
257 2219 326 2239 Arist.
336 2218 410 2238 unica
421 2219 506 2238 Nicoui.
516 2217 551 2237 ed.
561 2217 676 2238 Miclwlet.
1007 2214 1013 2230 ⁴
