1439 2342
497 64 568 90 Libri
591 64 609 90 l.
651 63 716 98 Cup,
742 64 784 89 XI.
1173 64 1218 101 67

57 171 223 213 Διιαῑίοῐιεηι
246 171 449 204 collocentur.
489 172 726 213 Paraphrastes‚
751 172 963 214 adstipulante
980 172 1093 211 Corae,
1118 174 1171 215 qui

65 227 187 259 uncinis
200 226 336 266 inclusit,
349 225 546 267 προϋπάρχειν
560 228 640 260 male
656 228 695 260 ad
710 228 793 269 ipsas
807 239 857 259 res
870 233 977 270 gestas
988 229 1092 268 refert,
1107 229 1219 271 quibus

65 286 245 324 o‘pponatur
256 293 363 315 earum
380 283 513 314 imitatio
529 283 560 314 in
575 284 759 325 tragoediis:
777 282 836 324 ἔχει
854 283 883 315 ὸὲ
904 282 1054 324 ὸιαφσριέν,
1072 280 1141 326 ὅσην
1161 283 1219 326 ἔχει

66 335 101 370 ni
115 339 140 370 ἐν
153 340 213 376 ταῖς
230 337 400 379 τραγῳδίαις
417 337 597 380 πλαττόμενα
611 337 687 370 κακὲ
707 339 756 370 τῶν
775 337 1017 380 προϋπαρξάντων
1035 339 1219 383 πραγμάτων,

64 408 99 425 ων
123 406 214 425 ταυτα
238 393 327 425 σκιαί.
366 395 436 426 Nec
459 395 651 433 Eustratius‚
677 406 770 436 quern
797 396 932 427 Garvius
957 396 1108 437 sequitur,
1133 402 1219 429 recte

63 449 248 492 explicavit·
272 447 368 491 πολλη
391 447 446 491 γάρ
471 448 600 490 ὁιαφσρεῖ
626 450 859 492 παρεληλιξῑυιάς
882 453 1036 493 μιμεΐσὲαι
1054 450 1144 493 γιηεείξΕ
1147 467 1169 491 ι,-
1195 454 1220 484 ἐι·

64 504 225 547 τραγῳδίᾳ,
255 501 274 547 ἢ
298 520 339 537 νυν
361 506 517 547 γινομένας,
551 519 595 538 ονε
619 519 666 538 και
692 520 707 547 η
732 520 848 548 μιμησις
873 520 964 538 αυτ-ων
987 520 1026 547 γυ
1029 518 1099 538 εται·
1132 509 1219 550 quasi

62 561 211 603 Aeschyli
234 562 350 593 Persae
380 562 479 603 magis
504 563 680 594 movissent
710 567 924 604 spectatorum
953 563 1093 601 animos,
1125 575 1218 606 quarn

62 617 204 659 ejusdem
233 622 347 659 poetae
379 618 584 649 Eumenides.
632 619 756 650 Eodem
789 630 902 657 sensu,
935 631 996 660 quo
1021 620 1219 657 Aristoteles,

62 673 141 705 dixit
163 673 313 706 Horatius
337 674 369 705 in
393 674 526 715 epistola
549 674 588 705 ad
613 675 746 706 Pisones
773 677 812 714 (v.
839 675 1027 713 181-182):

213 730 341 771 Segnius
363 732 490 761 irritant
510 732 627 761 animos
650 732 780 761 demissa
798 742 858 770 pe?
881 742 980 762 aures.

214 785 311 822 Quam
333 796 408 827 quae
429 790 499 817 sunt
520 788 614 817 oculis
636 787 765 826 szdp'ecta
778 788 931 827 fidelibus.
958 805 999 810 —

151 841 179 882 ᾖ.
204 842 235 872 5.
271 838 374 885 ταύτῃ)
396 841 531 873 Etiamsi
556 847 713 873 structura
728 852 804 880 non,
829 847 865 873 ut
881 852 976 883 supra
1000 842 1218 879 indicavimus,

62 896 213 928 mutanda
227 896 319 935 foret,
337 902 445 929 tamen
460 902 637 939 appareret,
657 894 747 941 ταύτῃ
763 898 813 929 vel
826 895 932 938 ταύτην
947 900 998 936 (ut
1012 909 1084 930 cum
1102 899 1169 929 Ven
1189 905 1220 930 et

61 952 225 984 Eustratio
237 952 402 985 Bekkerus
417 953 504 994 legit,
521 953 655 984 duorum
667 954 824 991 codicum,
842 952 895 984 Mb
907 958 940 985 et
951 952 1009 991 Nb,
1033 954 1220 985 auctoritate

61 1008 220 1049 inductus)
247 1008 287 1039 ad
310 1008 540 1049 praecedentia,
564 1020 629 1040 non
651 1010 690 1041 ad
706 1009 870 1051 sequentia
885 1010 991 1040 referri
1006 1014 1163 1050 oportere.
1177 1028 1219 1032 -

61 1061 94 1096 τὸ
124 1065 344 1104 διαπορεῖσθαι)
376 1075 420 1096 sc.
443 1065 659 1105 σ-υλλογιστεόνε
695 1067 784 1097 multo
813 1067 912 1106 mayis
933 1067 1148 1106 perpendenda
1178 1070 1223 1097 est

61 1121 226 1162 difficultas
248 1125 308 1152 etc.
356 1120 512 1153 Quaestio
543 1121 626 1152 enim
659 1122 738 1152 haec
768 1121 892 1162 (saltem
923 1122 949 1153 si
972 1121 1012 1152 de
1041 1121 1219 1153 infortuniis

61 1176 320 1219 propinquorum,
344 1187 425 1217 quae
447 1182 523 1217 post
545 1182 682 1208 mortem
706 1177 806 1208 felicis
830 1177 1029 1218 contingunt,
1053 1182 1122 1208 tum
1146 1189 1219 1209 sen-

61 1232 178 1264 tiendis
201 1243 272 1264 cum
295 1232 386 1271 fiunt,
431 1232 523 1273 tritus)
549 1233 627 1264 solvi
652 1243 716 1264 non
732 1232 860 1274 poterit,
885 1232 945 1264 nisi
961 1232 1219 1274 quaesiverimus,

61 1294 167 1320 utrum
188 1288 347 1329 pertineat
370 1289 410 1319 ad
433 1294 576 1319 mortuos
600 1288 720 1320 bonum
744 1289 920 1327 malumve,
944 1299 1056 1320 necne.
1102 1289 1147 1319 Et
1169 1289 1220 1320 hic

61 1350 112 1376 est
139 1345 334 1386 quaestionis
364 1344 469 1376 cardo.
515 1345 598 1376 Nam
629 1356 700 1376 cum
731 1345 925 1377 calamitates
955 1349 1156 1386 posterorum
1189 1352 1220 1376 et

62 1400 252 1439 amicorum,
277 1411 373 1442 quae,
398 1401 473 1432 dum
487 1400 647 1439 ,vix-imus,
672 1401 836 1440 accidunt,
862 1401 901 1432 ad
926 1400 1146 1442 quaestionem
1170 1411 1220 1431 re-

61 1462 214 1489 vocentur
237 1457 277 1488 de
305 1457 398 1488 bonis
428 1457 586 1494 externis,
617 1457 813 1488 calamitates
844 1462 950 1488 autem
980 1461 1053 1498 post
1076 1461 1220 1487 nostram

60 1518 197 1544 mortem
219 1513 358 1551 futurae,
384 1524 460 1554 quas
485 1524 542 1554 spe
565 1519 692 1544 metuve
715 1523 919 1554 auguramur,
949 1512 989 1543 ad
1013 1513 1146 1543 eandem
1170 1523 1220 1543 re-

61 1569 157 1602 deant
180 1569 418 1610 quaesfionem,
444 1570 510 1611 jam
540 1573 656 1607 restat,
686 1574 720 1600 ut
744 1579 947 1610 quaeramus,
980 1580 1019 1599 an
1051 1568 1110 1600 hae
1133 1568 1221 1609 ipsae

61 1631 146 1663 tum,
176 1636 247 1656 cum
272 1624 435 1662 accidunt,
466 1625 506 1655 ad
537 1635 596 1656 nos
627 1625 816 1666 pertineant.
863 1624 953 1656 Hanc
984 1624 1114 1655 arduam
1144 1635 1221 1656 sane

37 1707 46 1713 .
62 1681 280 1722 quaestionem
317 1680 451 1725 obscure
484 1686 618 1722 tangens
653 1685 686 1712 et
719 1680 846 1721 oblique
879 1680 1112 1722 perstringens,
1149 1691 1221 1711 cum

62 1737 144 1778 vulgi
167 1736 369 1777 opinionibus
395 1742 502 1777 aperte
526 1736 742 1768 contradicere
766 1736 862 1775 nolit,
893 1737 937 1767 ita
960 1742 1066 1767 tamen
1094 1736 1127 1766 in
1150 1736 1221 1766 uni-

62 1803 187 1824 versum
212 1793 323 1830 solvit,
348 1798 384 1823 ut
407 1793 507 1830 dicat,
539 1793 733 1824 calamitates
756 1792 825 1823 illas
848 1792 1029 1824 felicitatem
1053 1792 1221 1823 defuncto-

62 1859 131 1880 rum
162 1854 284 1880 mutare
318 1860 383 1879 non
418 1859 525 1889 posse.
578 1849 664 1880 Male
693 1848 810 1880 Zellius
846 1850 893 1879 δεῖ
922 1853 995 1880 ante
1030 1847 1222 1879 infinitivum

63 1904 223 1936 subaudiri
253 1915 347 1945 posse
378 1904 509 1945 putavit.
558 1904 590 1934 ln
614 1904 685 1936 loco
709 1904 794 1936 enim
820 1905 949 1946 (Topic.
973 1904 1016 1942 ΙΙ,
1041 1904 1097 1943 3),
1127 1914 1222 1945 quem

63 1960 102 1990 ad
126 1960 202 1990 Eth.
226 1960 297 1991 Nic.
322 1960 363 1997 11,
394 1971 422 1991 c.
447 1960 484 1997 3,
518 1961 545 2001 ς.
576 1961 600 1991 l.
631 1961 724 1999 citat,
756 1960 930 1992 infinitivus
962 1956 1095 1990 ὸεικνύναι
1131 1959 1222 1990 initio

64 2015 175 2056 capitis
199 2026 263 2046 non
287 2017 406 2057 pendet
430 2027 447 2047 e
464 2018 511 2046 δεῖ
528 2016 658 2054 omisso,
683 2016 740 2048 sed
763 2027 802 2047 ex
825 2014 862 2054 si}
885 2013 972 2053 τόπος
995 2015 1085 2046 initio
1110 2014 1221 2056 capitis

62 2071 301 2112 praecedentis,
337 2083 417 2114 quae
447 2072 543 2104 verba
581 2072 670 2104 multi
701 2077 876 2113 sequuntur
906 2071 1063 2102 infinitivi.
1116 2070 1222 2102 Primo

65 2127 148 2158 enim
173 2127 271 2159 habes
300 2126 336 2160 si}
361 2128 407 2165 μὲν
431 2125 467 2169 δὴ
492 2125 577 2166 τόπος
601 2125 634 2159 τὸ
659 2127 833 2166 ἐπιβλέπειν,
869 2138 942 2159 mox
968 2120 1054 2165 ἇλλες
1077 2124 1164 2164 τόπος
1188 2124 1221 2157 τὸ

979 2180 994 2205 5
1011 2180 1020 2190 .
