1439 2342
161 70 231 106 140
431 71 609 97 Commenm.
631 70 665 96 ad
685 70 793 98 Aristot.
813 70 900 97 Ethic.
920 70 1026 98 Nicom.

158 181 256 219 bene,
278 179 452 220 intelligere
474 177 596 220 μέγισται
619 175 668 209 καὶ
690 174 875 220 ἐντιμόταται
905 179 1095 220 privatorum
1117 182 1213 211 malem
1232 189 1312 211 ωηο-

157 241 237 268 mum
259 237 283 266 ii
304 237 374 266 sunt
393 236 520 266 maz-imi
541 237 571 266 et
590 235 831 274 honoratissimi,
853 236 904 275 qui
926 235 1018 266 semel
1027 236 1125 275 fimi&
1147 245 1208 267 nec
1231 245 1312 276 opus

157 298 221 330 est,
256 289 429 322 secundum
459 289 537 328 Par,
572 286 741 330 ἐντιμότατα
773 300 846 321 cum
877 289 1082 331 sequentibus
1112 290 1312 332 conjungere,

156 345 410 388 interpunctione
433 350 467 377 et
487 345 642 387 particula
665 344 698 376 ὸέ
711 345 853 378 sublatis.
877 345 996 378 Omisit
1018 345 1051 376 όέ
1074 351 1107 378 et
1118 344 1181 378 Mb.
1201 364 1240 371 —
1264 343 1313 377 καὶ

156 401 181 433 εἰ
202 401 269 442 περί
289 404 332 440 τι)
360 401 534 443 Postquam
549 400 686 443 primum
699 412 798 442 genus
819 401 1012 443 privatorum
1029 406 1190 433 sumtuum
1205 397 1312 434 Philo-

158 457 278 499 sophus
295 456 563 496 commemoravit,
588 467 644 488 eos
660 457 821 495 nimirum,
845 456 898 498 qui
922 457 1021 488 semel
1042 457 1134 497 fiunt,
1156 457 1245 489 addit
1267 457 1312 489 al-

155 519 259 545 terum
281 523 381 555 genus
405 523 533 551 eorum,
563 512 632 554 qui,
662 512 806 554 quamvis
836 512 900 543 sint
929 512 1057 554 privati,
1087 517 1194 545 tamen
1215 513 1313 546 totius

156 568 290 600 civitatis
314 573 368 599 aut
390 567 591 609 optimatium
614 567 754 599 studium
778 567 927 599 excitant.
972 568 1017 599 Et
1031 567 1209 610 hujusmodi
1224 580 1312 600 sum-

156 630 246 655 tuum
269 623 414 665 exempla
436 633 501 654 non
524 622 637 654 reticet
658 623 862 661 Aristoteles,
891 628 928 654 ut
949 623 1060 655 volunt
1081 624 1257 655 Felicianus
1279 630 1314 656 et

157 678 350 720 Giphanius,
379 678 564 720 supplentes
588 678 650 717 ille,
681 678 738 718 „si
762 688 921 709 armorum
953 683 1009 710 aut
1031 689 1182 720 equorum
1206 679 1310 712 studio

155 740 333 773 teneantur,
349 734 452 775 ipsum
467 733 500 765 in
515 734 626 765 iisdem
639 744 764 775 quoque
777 733 1041 775 magnificentiam
1057 744 1132 775 prae
1146 745 1180 766 se
1192 735 1271 767 ferre
1280 738 1312 766 :“

155 789 206 822 hic
228 789 376 830 „Thebis
399 789 560 828 convivia,
582 789 824 822 Lacedaemone
847 790 1053 831 palaestram,
1084 790 1217 822 Athenis
1237 802 1310 832 spe-

157 845 294 884 ctacula,
319 845 379 876 alia
402 844 469 876 aliis
492 844 616 884 locis“;
648 845 693 876 ita
721 850 757 876 ut
779 842 827 876 καὶ
851 845 904 876 τῶν
927 845 1009 886 ξένων
1031 860 1059 877 κ.
1081 859 1108 877 τ.
1129 850 1158 878 λ.
1187 847 1229 878 sit
1252 857 1310 878 no-

155 912 230 932 vum
258 900 496 942 magnificorum
533 905 694 932 sumtuum
722 911 842 942 genus,
876 901 927 932 vel
957 901 997 932 ad
1027 901 1171 942 publicos
1202 913 1310 934 rursus

156 957 319 998 pertinens
343 961 477 988 sumtus.
524 956 588 987 Sed
610 956 690 988 haec
710 956 780 998 ipsa
802 955 899 988 verba
921 957 972 996 (ut
994 962 1080 988 recte
1101 956 1181 989 vidit
1201 958 1310 990 Victo-

156 1013 235 1052 rius)
259 1017 333 1043 sunt
355 1012 500 1053 exempla
522 1011 715 1053 privatorum
739 1016 917 1050 sumtuum,
948 1011 980 1043 in
1003 1011 1117 1054 quibus
1146 1013 1244 1045 totius
1266 1013 1310 1045 ci-

155 1068 262 1100 vitatis
283 1073 338 1100 aut
360 1067 562 1109 optimatium
584 1067 688 1099 studia
709 1068 895 1100 excitantur.
941 1069 976 1100 Si
999 1069 1083 1101 enim
1096 1068 1236 1110 privatus
1251 1079 1311 1101 no-

156 1123 236 1156 biles
260 1134 335 1155 suos
358 1123 500 1164 hospites
525 1123 690 1164 magnifice
713 1123 828 1165 excipit
851 1128 884 1155 et
899 1124 1070 1166 splendidis
1094 1124 1186 1156 donis
1208 1125 1310 1156 hono-

157 1185 216 1218 rat,
238 1179 271 1211 id
293 1180 391 1211 totius
415 1179 549 1211 civitatis
572 1179 714 1211 interest.
761 1179 815 1211 Sic
836 1179 914 1211 haec
937 1180 1169 1221 magnificentia
1191 1180 1222 1211 in
1247 1181 1310 1222 pri-

157 1240 230 1267 vata
259 1246 293 1267 re
321 1234 510 1276 reipublicae
545 1235 690 1276 prodest;
725 1236 757 1266 id
787 1235 872 1277 quod
903 1236 957 1277 (ut
987 1235 1074 1267 addit
1104 1236 1310 1277 Aristoteles)

157 1291 319 1332 proprium
343 1295 393 1322 est
417 1290 589 1332 magnifici:
620 1287 652 1322 οὗ
674 1288 729 1331 γὰρ
753 1290 788 1329 εἰς
812 1287 909 1322 ἑαυτὸν
932 1289 1094 1332 ὃαπανηρές
1115 1305 1143 1322 κ.
1166 1303 1193 1322 τ.
1215 1295 1244 1322 λ.
1268 1310 1311 1314 -

158 1344 218 1386 ἔχει
235 1359 260 1377 τι
278 1342 385 1388 gsiut»)
410 1346 495 1378 Quia
517 1351 550 1378 ct
572 1346 664 1378 donis
687 1345 849 1388 hospitum
873 1351 941 1378 tota
964 1346 1089 1385 civitas,
1119 1350 1153 1378 et
1175 1346 1312 1379 donariis

158 1402 231 1434 Deo
252 1402 283 1433 in
307 1402 426 1443 templo
451 1402 614 1443 suspensis
637 1402 762 1444 gaudet.

245 1478 272 1519 ξ.
301 1477 350 1511 16.
398 1477 537 1517 ἐνταῦθα)
562 1478 756 1509 Felicianus:
780 1478 828 1517 ,‚i.
845 1488 872 1510 c.
897 1479 928 1509 in
953 1490 1137 1521 quacunque
1160 1489 1193 1511 re
1216 1489 1311 1521 pecu-

156 1533 222 1564 liari
247 1538 387 1572 sumtus,
412 1533 464 1575 qui
488 1534 520 1564 in
542 1533 591 1565 his
615 1533 707 1573 fiunt,
729 1533 846 1574 proprii
870 1534 990 1566 scilicet
1013 1539 1106 1576 atque
1130 1545 1308 1567 accommo-

158 1589 237 1626 dati,
263 1589 367 1630 magni
388 1588 579 1620 habentur.“

246 1656 274 1696 ξ.
302 1656 351 1689 19.
398 1655 578 1697 (Cap.V1.)
622 1653 816 1698 λαμπρύνει-αι
833 1654 912 1697 παραὶ
929 1656 1030 1699 μέλος)
1054 1658 1223 1699 Aspasius:
1249 1672 1308 1690 πα-

158 1710 254 1753 ροιμία
285 1709 329 1742 ἐπὶ
362 1711 411 1741 τῶν
442 1710 481 1752 μὴ
515 1710 679 1752 πρεςψίρως,
708 1726 736 1743 τι
765 1715 851 1744 πειεῖν
880 1710 1031 1745 εἰωθότων.
1056 1732 1099 1736 —
1144 1711 1309 1756 πορφύραν)

158 1767 327 1808 Aspasius:
364 1764 483 1807 csta-4175:
508 1768 531 1797 ἔ
554 1768 689 1810 κωμῳὸίᾳ
714 1766 971 1810 παραπετάσματι(
1002 1765 1104 1808 όέρῥεις
1136 1771 1239 1807 ποιεῖν,
1275 1767 1307 1801 οὖ

159 1821 346 1862 πεμφηρίδας.

247 1895 346 1927 CAP.
371 1895 432 1928 ΙΙΙ.
479 1896 505 1937 ξ.
532 1898 546 1929 1
589 1898 684 1939 (Cap.
701 1899 781 1937 VII).
820 1898 954 1931 Zellius:
997 1899 1122 1939 „Quod
1146 1899 1226 1932 hanc
1249 1900 1310 1931 vir-

159 1959 259 1984 tutem
290 1952 477 1984 Aristoteles
508 1958 616 1984 nostro
647 1954 717 1985 loco
748 1960 812 1986 tam
843 1955 971 1997 copiose
1002 1960 1035 1986 et
1061 1960 1206 1987 accurate
1236 1967 1310 1997 prae

158 2009 265 2040 multis
288 2014 322 2040 et
346 2008 412 2040 aliis
435 2008 599 2048 describit,
634 2009 718 2041 haud
742 2010 836 2042 dubie
859 2022 898 2043 co
921 2011 1074 2053 pertinet,
1105 2011 1176 2053 quin
1199 2011 1310 2043 eadem

159 2070 299 2096 veterum
322 2064 564 2096 Atheniensium
588 2065 740 2106 imprimis
765 2067 891 2108 propria
913 2066 1120 2099 habebatur.‘·'
1169 2066 1254 2100 Quin
1278 2071 1311 2098 et

159 2120 218 2160 ipsi
242 2119 404 2152 Aristoteli
427 2120 552 2161 propria
578 2120 674 2153 fuisse
697 2121 828 2154 videtur.
