1444 2322
186 63 206 88 Χ
689 59 828 87 Praefatio.

183 162 292 192 buruni
318 160 499 192 introduxit.
547 159 740 191 Cardwellus
764 158 922 191 interdum
938 158 1062 200 longius
1078 170 1095 190 a
1111 158 1236 200 vulgata
1259 158 1335 199 abit,

182 223 299 264 plurnc
313 222 430 253 codicis
454 221 502 252 sui
526 221 712 253 auctoritate
737 220 900 252 omittens.
932 219 1126 262 Saepissime
1149 219 1335 252 parisiensis

182 283 270 314 Zellii
293 282 393 314 codex
416 293 486 314 cum
519 282 609 314 novis
638 282 773 314 Bekkeri
803 281 990 314 lectionibus
1021 281 1190 313 consentit.
1244 281 1334 313 Non-

182 355 339 386 nunquam
354 351 459 375 tamen
472 343 590 375 Zellius
603 344 717 375 variam
736 343 891 385 quandam
905 342 1072 375 lectionem
1093 342 1220 375 silentio
1244 342 1336 384 plane

181 406 340 447 praeterit,
354 411 408 437 aut
421 405 532 437 saltem
544 405 669 437 codices
687 416 749 436 non
764 405 886 446 allegat.
905 404 1002 437 Quod
1023 415 1095 436 cum
1114 403 1240 446 saepius
1252 403 1334 436 Wil-

181 467 316 498 kinsono
346 466 497 498 accidisse
528 467 702 504 inveniam,
733 467 771 498 nd
801 467 861 498 hos
891 467 980 498 locos
1008 466 1135 498 codices
1167 476 1243 497 suos
1270 476 1334 496 non

181 528 355 570 inspexisse
388 527 463 558 mihi
492 527 625 559 videtur.
672 528 797 559 Teneat
826 528 919 568 igitur
950 528 1049 559 lector
1079 527 1112 558 in
1142 526 1334 564 miiversum,

182 590 299 621 inultos
329 600 399 621 csse
431 589 535 626 locos,
566 589 596 619 in
628 588 758 630 quibus,
789 600 860 620 cum
889 588 1006 620 nullam
1036 588 1181 619 codicum
1205 586 1335 619 editoris

182 652 310 692 alicujus
334 650 450 681 variam
474 650 643 682 lectionem
669 654 799 691 propter
820 649 920 691 ipsius
944 649 1103 681 silentium
1135 649 1245 680 afferre
1275 658 1334 689 po-

181 713 305 750 tuerim,
330 710 482 750 dubitem,
506 716 611 742 utrum
634 711 769 752 inspecti
792 711 917 749 fuerint,
945 721 1055 743 necne.
1101 709 1334 742 Nonnullorum

181 785 254 805 vcro
283 773 413 804 aliorum
442 773 584 804 locorum
615 772 718 804 variae
747 772 900 804 lectiones
928 772 1054 804 levioris
1082 771 1237 804 momenti
1260 771 1334 803 mihi

181 836 264 866 visae
289 840 372 873 sunt,
398 845 490 875 quam
515 840 551 865 ut
577 834 733 866 notandas
751 833 969 876 judicaverim.

269 897 434 927 Praeterea
457 907 528 926 cum
552 895 692 926 Zelliana
717 895 815 927 editio
839 895 946 926 multis
975 905 1142 936 operarum
1171 901 1204 926 et
1235 895 1333 936 negli-

180 958 303 998 gentiae
327 956 463 988 auctoris
486 956 571 988 vitiis
595 956 810 988 contaminata
833 956 876 988 sit
897 956 955 994 (id,
979 957 1063 998 quod
1086 957 1190 988 velex
1211 967 1250 988 eo
1278 967 1332 987 co-

179 1018 287 1059 gnosci
317 1023 440 1058 potest,
471 1017 555 1058 quod
585 1017 669 1049 haud
696 1028 768 1049 raro
797 1017 990 1050 Wilkinsoni
1017 1017 1143 1050 codices
1169 1028 1333 1058 perperam

179 1079 310 1118 citavit),
336 1078 454 1116 nescio,
478 1090 518 1109 an
542 1089 667 1120 semper
689 1079 876 1111 Parisiensis
899 1084 932 1110 ct
948 1078 1202 1111 Vratislaviensis
1222 1078 1333 1110 lectio-

179 1140 270 1171 nibus
294 1139 373 1170 fides
397 1139 541 1170 habenda
564 1140 614 1170 sit.
653 1141 737 1172 Nam
761 1140 884 1172 etiamsi
902 1140 1230 1182 Schweighaeuserus,
1254 1141 1333 1172 Pas-

179 1201 286 1232 sovius
308 1206 341 1232 et
356 1200 425 1241 ipse
441 1201 674 1233 accuratissime
691 1201 890 1233 collationem
907 1201 1019 1233 fecisse
1034 1201 1210 1239 videantur,
1226 1206 1333 1232 tamen

180 1267 269 1294 sucta
300 1261 487 1302 negligentia
517 1261 610 1303 siglas
639 1262 783 1294 codicum
812 1263 894 1294 inter
923 1274 957 1294 se
989 1268 1188 1304 permutasse
1216 1262 1334 1294 Zellius

179 1324 280 1364 putari
312 1328 438 1364 potest;
470 1323 518 1360 id,
549 1324 633 1364 quod
664 1323 809 1356 Bekkero
838 1324 899 1365 ipsi
927 1334 1154 1365 nonnunquam
1182 1323 1334 1356 accidisse

180 1385 284 1416 credo.
330 1385 412 1415 Nam
436 1384 466 1414 in
492 1385 610 1426 majore
633 1385 760 1426 quidem
785 1390 875 1426 parte
899 1396 1005 1417 earum
1035 1386 1224 1423 lectionum,
1254 1394 1333 1426 quae

179 1446 266 1477 aliter
290 1459 307 1476 n
332 1446 518 1482 Cardwello,
544 1457 636 1487 quam
661 1458 680 1477 a
703 1446 859 1485 ssekkero‚
884 1457 901 1478 e
918 1447 1132 1478 Laurentiano
1156 1444 1231 1485 (Kh)
1255 1445 1332 1477 affe-

179 1513 299 1545 runtur,
323 1518 511 1548 quamquam
536 1513 569 1538 et
593 1507 786 1539 Cardwcllus
815 1508 907 1545 dicit,
937 1519 972 1540 se
1003 1508 1034 1539 in
1065 1519 1156 1539 usum
1187 1506 1333 1538 editionis

179 1580 252 1599 suae
281 1568 433 1598 minutam
465 1569 556 1610 liujus
588 1569 706 1600 codicis
735 1569 937 1600 collationem
961 1569 1138 1601 faciendam
1162 1568 1332 1606 curavisse,

178 1630 276 1670 ipsius
299 1635 403 1660 tamen
429 1629 562 1660 Belzkeri
587 1630 686 1661 oculis
709 1631 859 1672 majorem
883 1631 978 1662 fidem
992 1630 1190 1662 tribuendam
1205 1640 1333 1668 censeo,

179 1702 271 1731 quein
297 1690 480 1721 mandatarii
506 1691 734 1722 Cardu-elliam.
782 1691 814 1722 {n
839 1692 1027 1733 quibusdam
1052 1702 1127 1723 vero
1158 1691 1226 1722 aliis
1255 1690 1332 1722 locis

178 1751 333 1783 dubitatio
357 1751 407 1782 vix
433 1751 521 1782 aliter
545 1752 657 1792 expelli
682 1763 777 1792 posse
800 1753 941 1791 videtur,
973 1764 1065 1795 quain
1094 1757 1128 1784 ut
1151 1752 1331 1783 Bekkcrum

178 1823 298 1844 errasse
323 1813 419 1850 dieas,
444 1812 526 1844 sicut
550 1823 567 1844 e
590 1814 825 1845 commentariis
848 1814 926 1846 meis
950 1813 1125 1856 apparebit.

266 1874 315 1905 Ad
340 1873 550 1914 designandos
574 1874 671 1913 locos,
695 1886 774 1916 quos
795 1887 834 1907 ex
855 1875 1026 1907 Aristotele
1055 1874 1158 1913 citavi,
1182 1885 1252 1906 eam
1276 1885 1328 1905 ca-

181 1936 278 1975 pitum
303 1934 489 1966 divisionem
514 1941 641 1966 secutus
665 1947 745 1975 sum,
770 1948 864 1977 quam
888 1936 1050 1968 Bekkerus
1073 1936 1104 1967 in
1122 1947 1178 1967 sua
1193 1935 1332 1967 editione

180 1996 334 2036 praetulit,
359 1996 497 2037 exceptis
520 1996 597 2028 locis
621 2001 800 2028 nostrorum
825 1997 1009 2030 Ethicorum
1033 1997 1330 2030 Nicomachcorum.

180 2069 257 2096 quo*
279 2068 346 2095 >turc
372 2069 406 2088 m·
434 2069 499 2088 nica
526 2058 662 2090 editione
678 2059 850 2090 laudandos
875 2065 990 2098 putavi.
1034 2058 1181 2098 Cupitum
1199 2058 1330 2090 numeri.

1414 1941 1424 2010 z
