1439 2342
428 79 502 105 Libri
522 78 568 105 111.
610 79 675 113 Cap.
691 78 754 105 vm
776 79 845 112 (xi).
1165 78 1236 113 123

76 186 208 228 apodosi
231 186 432 228 adjungetur:
465 186 490 217 οἱ
514 186 541 216 δ’
565 182 697 226 ἀνδρεῖοι.
747 185 919 228 Objicienti
941 183 1078 227 πρότερον
1107 187 1135 218 δ’
1158 187 1236 219 item

77 242 238 274 continere
254 242 384 274 alteram
401 242 630 273 adversativam
646 242 678 273 in
696 242 840 284 apodosi,
864 242 1064 284 respondebo
1081 243 1237 285 ejusmodi

76 297 304 330 adversativam
327 297 360 329 in
384 298 488 338 priore
512 297 664 330 orationis
688 303 778 339 parte
803 298 957 330 difficilius
981 297 1110 340 intelligi
1142 310 1236 341 quam

74 354 106 386 in
128 353 315 395 posteriore.
367 353 594 394 paraphrastes
619 353 746 395 quidem
771 360 803 386 et
826 355 894 396 ipse
917 354 950 385 δέ
976 354 1089 392 habet,
1112 355 1168 386 sed
1191 355 1236 386 al-

75 415 144 442 tero
168 410 275 441 addito
299 409 483 451 participio:
509 409 533 439 ἐν
558 406 653 447 αὐτοῖς
677 409 708 440 ὁὲ
732 407 867 452 γενόμενοι
884 407 1084 452 ἅποπηὸῶσιν.

164 466 192 506 ᾧ.
221 465 272 498 13.
320 465 416 506 (Cap.
440 464 511 502 XI.)
558 465 694 504 αἱρεῖται)
734 477 778 497 sc.
810 462 847 497 τά
878 463 1007 505 φοβερά·
1042 467 1161 508 reliqua
1187 467 1236 499 in-

76 521 196 563 tellige:
221 523 292 562 quia
312 522 453 562 perferre
476 523 627 553 honestum
634 545 643 560 ,
668 523 717 553 vel
740 524 810 563 quia
833 532 891 553 non
907 522 1052 562 pevfirre
1075 526 1170 563 turpe.

165 577 265 609 CAP.
289 577 381 609 vm.
429 578 457 618 ξ.
482 578 512 609 2.
551 571 702 619 ηΟμηρος)
738 579 776 609 cf.
802 578 886 609 Iliad.
911 577 1015 615 XXII,
1038 589 1068 609 v.
1095 578 1174 617 1003
1205 585 1238 610 et
1263 606 1273 615 ,

76 633 156 672 VIII,
180 645 210 665 v.
237 634 309 666 148.
334 645 403 675 sqq.

165 690 193 730 ξ.
211 689 241 720 4.
289 684 452 729 ἑ”Εκτα·ρ)
477 691 694 731 Agamemnon
719 691 778 721 hos
802 701 912 722 versus
936 691 1036 729 (Iliad.
1054 691 1090 729 ΙΙ,
1114 703 1144 723 v.
1162 691 1237 725 391.

77 751 110 777 et
141 744 228 783 393)
260 745 459 786 pronuntiat,
496 751 532 776 ut
568 751 618 777 est
648 746 742 777 etiam
774 747 857 787 apud
887 747 991 787 ipsum
1021 747 1237 786 Aristotelem,

76 802 171 833 Polit.
194 802 251 840 ΙΙΙ,
290 802 340 833 14.
404 802 525 833 Hector
559 807 666 834 tamen
703 802 860 833 simillima
897 803 1016 843 profert
1049 802 1136 833 Iliad.
1167 804 1237 841 XV,

76 869 105 889 v.
130 857 329 891 348—351.
376 859 445 890 Nec
467 858 597 896 mirum,
630 858 714 900 quod
743 858 774 888 in
799 863 933 899 utroque
962 858 1032 889 loco
1057 858 1238 890 Aristotelis

76 913 108 944 hi
129 924 239 945 versus
262 913 356 954 paulo
381 913 469 944 aliter
493 913 685 952 scribantur,
722 925 815 955 quam
847 925 931 945 nunc
955 914 1039 955 apud
1063 914 1238 946 Homerum

76 969 224 1011 legimus,
267 980 338 1001 cum
376 970 560 1000 memoriter
590 981 646 1001 eos
674 970 889 1011 Philosophus
923 970 1118 1002 auditoribus
1154 971 1238 1003 haud

76 1025 169 1057 dubie
193 1025 381 1056 recitaverit.

165 1081 191 1122 ξ.
217 1082 248 1113 5.
294 1079 343 1112 καὶ
375 1081 399 1111 οἱ
429 1078 659 1121 προςτάττοντες)
713 1080 888 1112 Lambinus
927 1092 944 1112 e
974 1082 1236 1122 praecedentibus

77 1137 204 1178 supplet
226 1134 430 1178 ἀναγκάζωσιν
460 1141 493 1168 et
515 1142 669 1178 punctum
692 1141 767 1178 post
790 1134 940 1175 τύπτεντες
963 1138 1072 1178 ponit,
1104 1135 1137 1168 τὸ
1166 1135 1236 1169 αὐτὸ

76 1192 168 1232 δρῶσι
190 1193 328 1224 referens
353 1192 392 1224 ad
417 1191 519 1223 solum
544 1192 569 1223 οἳ
592 1189 649 1232 πρὸ
673 1192 727 1224 τῶν
751 1190 879 1233 τάφρων.
925 1193 1090 1226 Aristoteli
1107 1194 1132 1225 οἱ
1148 1207 1236 1234 προς-

76 1246 223 1287 ninom,-
253 1253 328 1280 sunt
357 1249 472 1286 duces,
504 1248 556 1290 qui
584 1247 735 1280 militibus
767 1248 978 1279 timidioribus
1010 1249 1156 1281 fortiores
1180 1251 1236 1281 ad-

76 1305 166 1344 dunt,
190 1310 226 1336 ut
249 1305 400 1336 cedentes
422 1304 604 1336 verberibus
628 1304 794 1346 castigent.
841 1304 998 1346 Interpres
1022 1317 1153 1347 graecus
1170 1307 1237 1338 He-

76 1361 224 1392 rodotum
250 1361 334 1402 (VII,
360 1372 386 1392 c.
404 1360 484 1401 223)
510 1361 602 1399 citat,
626 1360 679 1402 qui
701 1361 816 1392 Persas
840 1361 901 1392 hoc
924 1362 1022 1392 modo
1046 1358 1118 1401 (ὑπ-ὂ
1140 1360 1236 1393 τοιού-

76 1430 132 1454 τεις
156 1414 340 1457 ἐπιστάταις)
364 1427 435 1447 cum
453 1416 584 1447 Graecis
609 1417 649 1447 ad
665 1417 897 1458 Thermopylas
920 1428 1090 1459 pugnasse,
1114 1429 1236 1449 memo-

75 1472 139 1504 riae
162 1473 347 1514 prodiderit.
364 1491 407 1495 —
432 1469 672 1512 παρατάττεντες)
704 1473 863 1514 Interpres
887 1484 1034 1514 graecus:
1068 1473 1153 1505 τεῧτο
1173 1472 1237 1514 περὶ

76 1527 302 1571 Λακεδαιμονιῖυν
325 1528 429 1569 λέγειν)
453 1521 502 1559 ἅν·
527 1526 659 1569 τοιαύτην
682 1526 738 1569 γάρ
763 1541 823 1559 τινα
847 1526 963 1570 μα’χην,
993 1523 1039 1560 gre
1064 1527 1134 1569 πρὸς
1151 1533 1236 1562 Μεσ-

76 1583 184 1625 σηνίευς
200 1583 398 1626 ἐμαχέσανῖω
424 1584 594 1625 ἐπελέμευν,
618 1577 651 1625 ἧς
675 1581 723 1614 καὶ
748 1586 890 1624 Τυρταῖος
914 1582 1084 1627 μνημονεύει.

163 1640 190 1681 ᾧ.
209 1639 238 1672 6.
286 1636 300 1671 ἑ
325 1637 497 1681 Σωκράτης)
544 1639 619 1671 Jam
641 1639 801 1680 Interpres
831 1650 961 1680 graecus
992 1641 1101 1672 citavit
1127 1642 1236 1673 Plato-

75 1707 167 1734 nem,
198 1697 251 1738 qui
273 1695 305 1727 in
329 1696 470 1727 Lachete
496 1697 538 1736 (p.
562 1695 634 1728 195.
660 1695 788 1736 steph„
815 1705 847 1736 p.
866 1695 940 1727 285.
965 1696 1076 1736 Bekk.)
1101 1702 1135 1728 et
1156 1698 1236 1729 Pro-

16 1755 18 1758 ’
74 1756 184 1794 tagora
215 1753 257 1794 (p.
283 1750 357 1783 360.
383 1752 512 1793 Steph.,
541 1763 573 1793 p.
598 1751 673 1785 245.
703 1751 816 1791 Bekk.)
840 1751 1058 1783 fortitudinem
1089 1753 1235 1785 definiat:

75 1805 233 1849 ἐπιστήμην
268 1806 359 1838 δεινῶν
395 1821 422 1838 τε
453 1805 500 1838 καὶ
530 1804 570 1849 μὴ
600 1806 701 1838 δεινῶν.
726 1825 768 1830 —
815 1806 959 1849 τοιοῦτοι)
990 1809 1234 1850 Paraphrastes:

75 1860 256 1905 ἐπιστήμονες
287 1855 368 1901 ὄντες.
393 1882 436 1886 —
481 1860 556 1903 uwel)
605 1863 659 1894 Sic
684 1864 792 1905 legunt
821 1864 850 1895 A
872 1862 960 1904 (Lb),
993 1865 1019 1897 C
1046 1866 1235 1906 (superscri-

74 1919 136 1960 ptis
159 1919 257 1951 literis
289 1932 318 1950 αι
344 1930 441 1950 manu
464 1920 557 1960 longe
580 1919 784 1960 recentiore),
809 1920 887 1959 NC,
914 1921 976 1952 Par
1005 1922 1235 1963 (superscripto

74 1975 126 2015 αι),
150 1975 206 2013 Ηῆ,
231 1973 289 2014 Nh,
314 1973 378 2013 Οὓς
403 1972 486 2006 καινά
509 1975 659 2007 exhibent
673 1977 700 2008 B
718 1976 944 2018 (superscripto
963 1990 975 2007 ε
991 1976 1093 2017 prima
1115 1978 1233 2018 manu),

74 2030 114 2062 El
133 2035 167 2062 et
190 2031 276 2063 CCC
309 2031 350 2071 (in
375 2041 484 2063 eorum
513 2042 588 2063 vero
611 2032 751 2074 margine
770 2045 816 2073 γρ.
839 2030 934 2073 κενά),
959 2033 1052 2071 Vrat,
1083 2031 1147 2071 Kb,
1171 2031 1235 2072 Mb,

75 2086 186 2128 quibus
210 2087 332 2119 accedit
355 2087 453 2119 codex
470 2088 590 2120 Donati
605 2088 766 2131 Acciajoli,
785 2089 866 2121 Ven.
913 2088 1100 2120 Faciliorem
1123 2089 1234 2121 lectio-
