1439 2342
156 44 198 78 Μ
443 45 621 71 Commonmr.
650 43 682 68 ml
705 42 812 68 Aristor.
835 41 920 67 Emit.
943 41 1045 67 Niconn.

153 160 218 184 tum
243 162 313 183 csse
336 157 457 192 potest3
481 150 538 181 sed
561 149 680 190 legibus
704 158 768 179 non
793 157 873 188 opus
897 153 964 186 est,
987 153 1023 179 ut
1045 147 1166 186 valeat,
1191 148 1306 190 quippe

153 209 235 251 quod
252 218 307 248 per
322 218 356 238 se
366 206 486 247 justum
503 204 554 242 sit,
579 203 664 235 omni
680 203 854 235 variatione
873 208 906 235 et
924 203 1098 235 mutatione
1115 209 1305 245 exemptum.

155 265 195 295 Et
219 263 258 294 ab
281 272 319 293 co
337 262 408 302 jure
431 259 615 292 ordiendum
641 264 691 291 est
713 258 903 300 philosopho
916 259 996 300 justi
1011 264 1156 291 naturam
1179 260 1306 302 exposi-

152 326 231 350 turo.
279 317 331 348 sic
357 316 468 348 Cicero
493 315 568 346 dicit
591 315 646 353 (de
670 314 808 356 Legibus
833 314 863 353 1,
888 315 938 356 6):
962 315 1188 354 „Doctissimis
1209 316 1307 348 viris“

153 374 181 404 in
207 372 429 404 constituendo
455 372 526 413 jure
555 370 734 411 „proficisci
764 370 883 411 placuit
905 382 923 402 a
947 370 1031 413 lege;
1061 372 1145 403 haud
1175 371 1241 403 scio
1266 383 1305 403 an

151 435 252 466 recte,
278 428 304 458 si
328 427 440 465 modo,
470 433 505 458 ut
528 426 621 458 iidem
641 425 830 457 definiunt.“
875 426 1002 458 Scilicet
1024 427 1087 466 „ab
1109 427 1162 458 illa
1184 438 1306 459 summa

152 485 241 526 lege“
265 483 334 524 capi
357 483 423 514 vult
447 481 557 514 Cicero
580 481 777 519 „exordium,
801 492 882 523 quae
905 483 1038 514 saeculis
1062 483 1208 514 omnibus
1232 489 1306 515 ante

153 546 225 571 nata
251 544 314 577 est,
344 549 436 580 quam
460 537 576 578 scripta
600 537 649 568 lex
673 537 776 575 ulla;“
806 548 844 569 ea
868 538 951 570 enim
975 539 1025 570 lex
1048 544 1099 571 est
1120 539 1224 580 ipsum
1247 550 1305 570 na-

152 595 250 626 turale
269 595 399 636 justum,
425 593 508 635 quod
524 604 588 624 non
605 593 764 634 opinione,
789 593 845 625 sed
865 599 976 626 natura
998 595 1078 636 ipsa,
1100 595 1121 626 i.
1138 606 1166 626 e.
1183 606 1305 626 summa

150 651 270 682 ratione
295 649 500 681 constitutum
516 654 575 686 est,
599 654 768 691 manetque
783 649 986 682 immutabile.
1024 651 1214 694 Legitimum
1230 661 1304 683 vero

145 707 264 747 justum
272 729 281 744 ,
313 716 351 736 cx
374 705 531 736 sententia
552 704 642 736 Sexti
664 705 792 737 Caecilii
817 706 911 746 (Gell.
935 707 1031 738 Noct.
1057 707 1153 738 Attio.
1177 707 1248 746 XX,
1276 708 1304 748 1,

149 763 266 793 citante
289 761 435 802 Ilegelioz
482 762 605 800 lVerke,
630 762 669 793 T.
694 761 773 800 VIII,
798 772 828 803 p.
854 762 927 802 30),
951 773 1009 804 pro
1033 768 1212 804 temporum
1234 773 1303 794 mo-

151 818 235 849 ribus
267 823 299 848 et
323 828 379 857 pro
409 827 512 848 rerum
543 816 737 857 publicarum
767 818 951 859 generibus,
982 830 1017 850 ac
1048 830 1105 860 pro
1134 819 1303 851 utilitatum

149 872 359 915 praesentium
395 872 586 912 rationibus,
622 883 742 915 proque
771 874 934 913 vitiorum,
968 874 1079 916 quibus
1114 875 1304 907 medendum

150 936 209 967 cst,
232 928 416 967 fervoribus,
439 934 579 960 mutatur
601 940 638 961 ac
660 929 807 969 flectitur,
831 941 933 972 neque
955 941 1020 961 uno
1044 936 1129 962 statu
1149 930 1303 968 consistit,

150 986 224 1023 sed,
248 990 283 1015 ut
306 984 400 1016 facies
425 985 503 1016 coeli
527 991 560 1016 et
582 985 687 1023 maris,
711 985 755 1016 ita
778 996 881 1017 rerum
905 997 942 1018 ac
964 987 1108 1018 fortunae
1130 992 1303 1028 tempesta-

148 1041 230 1072 tibus
261 1041 406 1073 variatur.
454 1041 537 1073 Inter
567 1046 692 1073 veteres
722 1041 930 1084 philosophos
961 1042 1117 1084 Epicurus
1146 1047 1179 1074 et
1203 1042 1303 1098 Cyre:

151 1098 230 1128 na'i'ci
262 1097 366 1138 (Diog.
392 1097 499 1128 Laert.
524 1096 567 1134 ll,
599 1097 627 1138 ξ.
652 1095 712 1128 93:
748 1098 834 1140 μηδέν
863 1111 892 1129 τε
921 1096 988 1129 εἶναι
1020 1095 1104 1137 φύσει
1133 1097 1255 1135 δίκαιον,
1285 1111 1303 1138 η

149 1151 251 1189 καλὸν,
281 1148 299 1193 ἢ
322 1150 460 1192 αι’σχρᾶν,
493 1148 569 1184 duo}
594 1151 668 1195 νόμῳ
691 1151 739 1184 καὶ
763 1151 839 1191 ἔθει,
869 1159 902 1185 et
925 1154 953 1195 ξ.
978 1153 1020 1187 99
1048 1154 1087 1185 de
1110 1154 1300 1186 Theodoro:

149 1208 261 1247 κλέψειν
285 1221 313 1239 τε
338 1206 384 1239 καὶ
409 1205 598 1249 ἱεροσυλήσειν
619 1208 644 1240 ἐν
659 1209 760 1250 καιρῷ·
784 1209 871 1251 μηὸὲν
894 1206 949 1250 γὰρ
965 1208 1032 1241 εἶναι
1056 1207 1162 1241 τούτων
1180 1207 1302 1250 αἰσχρὸν

150 1262 265 1303 φύσει),
301 1265 382 1295 inter
413 1264 604 1296 recentiores
633 1265 795 1297 Helvetius
824 1265 994 1308 reliquique
1025 1265 1164 1307 empirici
1195 1262 1302 1307 νεμικὲν

149 1326 270 1352 tantum
295 1319 400 1350 ὁίκαιον
423 1325 583 1359 statuunt,
607 1331 673 1352 non
697 1326 876 1360 aeternum,
900 1321 1109 1359 immutabile,
1140 1321 1196 1352 sed
1220 1321 1301 1352 arbi-

148 1376 207 1406 trio
240 1376 450 1416 legislatorum
490 1382 612 1408 tantum
642 1377 874 1416 introductum,
909 1383 942 1409 et
971 1388 1031 1409 usu
1062 1377 1302 1419 obedientiaque

150 1432 260 1462 civium
297 1432 444 1472 paulatim
480 1433 709 1464 confirmatum.
767 1433 936 1474 Explicant
968 1433 1061 1475 igitur
1095 1431 1235 1474 διαφοράν
1270 1439 1302 1465 et
1348 1454 1352 1461 ,

153 1485 255 1525 :Mam
279 1487 357 1528 justi
387 1499 425 1519 ex
455 1488 596 1520 mutabili
620 1489 717 1530 ipsius
740 1494 868 1527 natura,
898 1499 978 1528 non,
1007 1494 1043 1520 ut
1067 1489 1238 1527 Caecilius,
1263 1499 1300 1520 ex

150 1543 239 1573 variis
264 1543 505 1582 conditionibus,
530 1544 588 1575 sub
601 1544 712 1586 quibus
735 1550 863 1577 aeterna
885 1545 936 1576 illa
960 1544 991 1576 in
1014 1545 1175 1576 hominum
1200 1544 1300 1576 socie-
1341 1588 1344 1590 q
1374 1579 1377 1582 ,

149 1598 264 1628 tatibus
303 1604 432 1630 naturae
467 1600 627 1631 rationalis
659 1601 709 1632 lex
739 1600 854 1632 existit.
908 1601 1047 1632 Vocatur
1081 1606 1186 1632 autem
1216 1606 1301 1632 recte

148 1650 264 1693 ιεμικέι,
290 1653 359 1694 quia
382 1652 459 1694 ιόμες
476 1655 555 1693 (lex)
573 1657 667 1687 etiam
691 1667 782 1688 usum
805 1662 838 1688 et
854 1656 1115 1688 consuetudinem
1136 1656 1299 1698 significat,

149 1719 228 1749 quac
252 1709 472 1740 necessitatem
496 1722 559 1741 non
584 1712 850 1752 complectuntur:
882 1713 926 1743 ita
949 1717 984 1743 ut
1003 1709 1077 1754 νόμῳ
1101 1710 1207 1742 δίκαιον
1236 1723 1299 1742 non

149 1774 204 1804 pcr
227 1776 261 1795 se
279 1765 399 1805 justum
424 1765 481 1802 sit,
506 1766 561 1796 sed
585 1771 650 1797 tum
675 1768 801 1799 demum
819 1769 940 1810 justum
963 1768 1035 1806 fiat,
1059 1778 1128 1799 cum
1153 1767 1219 1799 sive
1241 1778 1300 1798 usu

149 1819 213 1850 sive
234 1820 301 1860 lege
325 1820 461 1860 positum
485 1821 575 1852 fuerit
591 1817 672 1859 (ἕταν
689 1823 824 1862 θῶνται),
847 1830 883 1855 ut
899 1823 974 1855 dicit
989 1823 1177 1854 Aristoteles
1194 1823 1229 1861 (l.
1246 1823 1298 1862 l.);

149 1875 351 1916 quamobrem
369 1875 594 1916 paraphrastes
619 1878 753 1918 explicat
774 1879 856 1912 θέσει
879 1876 930 1911 τινὶ
945 1876 994 1910 καὶ
1010 1875 1094 1920 νόμῳ,
1119 1884 1151 1910 et
1168 1879 1299 1910 Graecis

150 1931 249 1971 legem
271 1931 349 1962 serre
374 1936 424 1962 est
447 1934 614 1972 νομοθετεῖν.
650 1933 772 1965 Eodem
788 1936 884 1967 modo
902 1934 1053 1967 Germani
1072 1934 1173 1975 legem
1190 1934 1299 1975 appel-

151 1985 215 2016 lant
239 1988 295 2017 das
320 1987 442 2025 Gesets,
467 1987 485 2017 i.
511 1997 538 2018 e.
564 1988 647 2028 quod
669 1989 806 2028 positum
830 1996 880 2022 est
903 1992 970 2028 (das
995 1991 1148 2027 Gesetxte).

238 2042 266 2082 ξ.
291 2043 320 2074 3.
361 2039 399 2072 δι’
418 2039 544 2081 ἀνδρίαν)
569 2043 669 2074 Notat
682 2044 859 2076 Eustratius
883 2047 966 2077 hanc
988 2056 1098 2077 vocem
1122 2045 1172 2077 hic
1194 2045 1298 2086 potius

149 2097 188 2127 (lc
211 2096 321 2128 robore
346 2098 495 2137 corporIS,
520 2098 603 2139 quod
634 2099 675 2130 sit
697 2099 886 2131 fortitudinis
916 2102 1174 2138 instrumentum,
1206 2111 1298 2141 quam
