1444 2322
554 57 680 84 cditionis
702 56 805 91 prioris.
1222 56 1257 82 lx

195 155 227 187 ln
253 156 442 188 bibliotheca
466 156 565 197 Regia
588 156 757 187 parisiensi
784 160 909 186 exstant
933 156 962 185 in
995 155 1185 192 universum=
1201 167 1258 186 un-

104 217 206 249 decim
231 217 357 250 codices
380 216 585 258 manuscripti
610 217 792 249 Ethicorum
818 217 1115 248 Nicomacheorum.

194 278 260 310 Mei
283 278 410 310 codices
435 288 496 308 non
523 278 561 308 ad
586 288 697 309 omnes
722 279 809 310 locos
834 278 937 309 collati
955 284 1038 315 sunt,
1063 279 1118 309 sed
1143 279 1181 309 ad
1204 289 1261 309 eos·

105 340 222 378 solum,
253 350 333 381 quos
362 339 488 381 majoris
513 340 665 370 momenti
689 341 856 372 duxeram.
888 340 1003 380 quique
1035 340 1173 370 nondum
1206 350 1262 381 per

104 400 295 442 reliquorum
320 401 464 432 codicum
488 400 642 431 lectiones
667 401 709 431 ita
735 407 825 432 erant
842 401 1017 433 constituti,
1044 407 1076 431 ut
1101 401 1177 431 nihil
1202 402 1259 432 du-

104 461 265 493 bitationis
291 462 470 493 viderentur
501 461 626 492 habere.
681 462 788 503 ltaque
819 467 886 492 tum
919 462 1044 492 demum
1078 462 1176 492 lector
1205 473 1260 493 eos

105 523 237 555 collatos
245 522 490 565 judicabit,cum
505 523 663 564 expressis
673 523 774 554 verbis
789 533 898 554 eorum
912 523 1105 553 mentionem
1115 523 1261 564 injectam

104 585 268 617 invenerit.
316 585 442 616 Partem
467 595 536 615 eam
562 584 714 625 variarum
730 583 912 621 lectionum,
938 595 1029 625 qutmi
1056 584 1170 615 Hasius
1195 585 1262 626 ipsc

100 648 167 689 jam
192 646 310 677 dudum
337 657 460 677 mecum
485 645 740 683 communicavit,
765 646 802 676 ad
828 651 948 676 textum
973 646 1263 686 recognoscendum

105 708 252 739 adhibere
277 708 376 749 potui.
423 707 530 739 Altera
554 718 638 748 pars,
663 718 756 748 quam
783 713 857 748 post
888 707 1006 738 editum
1038 708 1164 738 demum
1193 713 1261 739 tex-

104 776 171 800 tum
197 769 235 800 ab
259 770 358 801 Hasio
383 769 469 810 petii,
495 780 651 811 quamque
675 780 731 810 per
747 769 934 809 discipulum
953 780 1044 799 suum
1061 774 1093 799 et
1109 769 1260 810 collegam

105 831 263 862 Millerum
282 831 540 863 conscribendam
560 831 689 868 curavit,
716 831 866 861 asterisco
884 830 913 860 in
933 831 1167 861 cmnmentariis
1185 831 1263 875 meis

103 898 223 931 notata,
241 883 468 924 commentario
485 898 618 930 tantum,
637 904 700 923 non
719 892 818 924 textui
839 892 1004 922 utilitatem
1023 875 1128 932 potuit
1143 893 1263 923 afferre.

105 955 159 987 Ob
183 955 352 996 repetitum
380 955 510 986 eximiae
535 955 564 984 in
590 965 640 985 mc
658 954 888 985 benivolentiae
912 953 1128 985 testimonium
1147 954 1262 996 repeti-

105 1022 153 1047 tas
177 1016 243 1047 viro
267 1016 455 1047 doctissimo
478 1015 594 1056 gratias
619 1016 668 1046 hic
692 1015 816 1056 publice
840 1025 910 1056 ago.
1132 1037 1163 1048 .,

193 1077 318 1119 Reliqui
342 1077 468 1109 codices
493 1078 530 1107 ad
555 1088 667 1108 omnes
697 1077 823 1117 quidem
853 1077 1000 1108 dicuntur
1028 1076 1116 1107 locos
1147 1076 1262 1113 collati,

105 1139 148 1170 ita
171 1144 215 1176 ut,
239 1138 419 1180 ubicunque
444 1137 675 1174 iVilkinsonus,
700 1138 836 1175 Zellius,
862 1137 1074 1175 Cardwellus‚
1098 1137 1264 1169 Bekkerus

106 1201 146 1231 de
169 1201 234 1231 suis
259 1200 392 1242 quisque
416 1200 610 1231 mentionem
635 1210 698 1230 non
727 1200 869 1238 fecerint,
901 1211 971 1231 cum
1003 1199 1141 1240 ipsorum
1175 1204 1263 1230 textu

107 1262 274 1294 convenire
305 1261 439 1303 putandi
470 1262 543 1293 sint.
597 1262 702 1294 Quam
731 1273 789 1303 ego
815 1262 980 1292 doctorum
1005 1261 1142 1292 virorum
1166 1261 1262 1291 ratio-

106 1334 178 1355 nem
203 1324 234 1354 in
259 1324 399 1365 ipsorum
425 1323 586 1355 codicibus
611 1323 746 1354 citandis
770 1324 834 1355 fere
859 1333 985 1363 semper
1008 1330 1136 1353 secutus
1161 1333 1241 1353 sum.

195 1386 238 1417 Et
262 1385 424 1417 Bekkerus
449 1385 575 1427 quidem
599 1384 866 1416 accuratissimam
896 1395 972 1415 sane
1002 1384 1138 1414 instituit
1168 1383 1263 1414 colla-

107 1447 239 1485 tionem,
262 1447 425 1489 multaque
448 1458 530 1478 nova
555 1447 593 1477 ad
618 1446 850 1478 emendandum
875 1451 998 1476 textum
1029 1445 1144 1476 attulit.
1189 1445 1264 1476 Plu-

107 1508 194 1539 rimis
217 1513 323 1540 tamen
350 1509 438 1547 locis,
462 1508 582 1545 alieno,
607 1514 641 1539 ut
666 1508 800 1545 videtur,
824 1507 963 1538 confisus
986 1507 1117 1548 judicio,
1141 1512 1267 1547 praeter

110 1569 222 1601 Corais
243 1569 426 1608 editionem,
450 1569 710 1601 Cardwellianam
735 1579 860 1610 quoque
888 1568 1106 1600 recensionem
1138 1572 1266 1599 secutus

76 1636 77 1640 ’
109 1637 175 1668 est,
206 1631 391 1672 praesertim
421 1631 474 1662 ubi
498 1631 731 1662 Laurentianus
764 1629 930 1661 Cardwelli
961 1629 1062 1660 codex
1095 1628 1170 1670 (Kb)
1195 1640 1265 1660 cum

110 1703 175 1724 uno
206 1693 344 1724 alterove
374 1693 564 1733 reliquorum
602 1693 701 1733 ipsius
740 1691 884 1722 codicum
923 1691 1081 1722 convenit.
1128 1691 1268 1732 Inspexit

110 1754 236 1786 codices
260 1759 293 1785 et
315 1754 356 1785 ad
369 1764 425 1785 eos
441 1754 541 1791 locos,
566 1755 605 1785 de
621 1753 744 1795 quibus,
761 1764 832 1784 cum
853 1758 977 1784 veteres
994 1752 1132 1784 editores
1149 1753 1267 1783 nullam

109 1815 226 1846 variam
257 1815 388 1847 afferant
417 1816 605 1853 lectionem,
636 1815 827 1846 recentiores
857 1820 889 1846 et
918 1814 979 1856 ipsi
1009 1814 1174 1846 tacuerint.
1221 1813 1266 1844 Ita

110 1877 227 1908 sactum
249 1882 309 1915 est,
333 1882 378 1916 ut.
403 1883 527 1918 praeter
551 1877 626 1908 alias
654 1876 753 1907 varias
777 1876 930 1908 lectiones
954 1877 993 1907 ad
1018 1886 1146 1908 sensum
1170 1876 1266 1916 perti-

111 1944 235 1973 nentes,
260 1938 355 1970 verba
377 1950 502 1980 quoque
533 1939 726 1978 transposita
753 1938 783 1969 in
815 1939 882 1980 ejus
911 1938 1050 1970 editione
1080 1936 1189 1969 crebro
1219 1937 1265 1966 in-

112 2000 230 2037 venias,
255 1999 308 2030 ubi
332 2001 514 2041 plerumque
540 2000 713 2032 Cardwello
745 2000 952 2041 adstipulatus
977 2010 994 2030 e
1018 2010 1176 2030 consensu
1206 1999 1266 2029 fere

113 2071 239 2092 suorum
265 2061 407 2092 codicum
433 2062 656 2101 elegantiorem
682 2063 804 2101 vulgata
825 2062 959 2093 lectione
985 2064 1171 2092 structuram
1198 2069 1265 2090 ver-
