<?xml version="1.0" encoding="UTF-8"?>
<!DOCTYPE html PUBLIC "-//W3C//DTD XHTML 1.0 Transitional//EN"
    "http://www.w3.org/TR/xhtml1/DTD/xhtml1-transitional.dtd">
<html xmlns="http://www.w3.org/1999/xhtml" xml:lang="en" lang="en">
 <head>
  <title>
</title>
<meta http-equiv="Content-Type" content="text/html;charset=utf-8" />
  <meta name='ocr-system' content='tesseract 3.04.00' />
  <meta name='ocr-capabilities' content='ocr_page ocr_carea ocr_par ocr_line ocrx_word'/>
</head>
<body>
  <div class='ocr_page' id='page_1' title='image "./ethicorumnicomac02arisuoft_0162.png"; bbox 0 0 1439 2342; ppageno 0'>
   <div class='ocr_carea' id='block_1_1' title="bbox 169 49 1058 96">
    <p class='ocr_par' dir='ltr' id='par_1_1' title="bbox 169 49 1058 96">
     <span class='ocr_line' id='line_1_1' title="bbox 169 49 1058 96; baseline 0 -8"><span class='ocrx_word' id='word_1_1' title='bbox 169 60 240 96; x_wconf 84' lang='lat'>110</span> <span class='ocrx_word' id='word_1_2' title='bbox 456 63 634 88; x_wconf 76' lang='lat' dir='ltr'>Commentar-</span> <span class='ocrx_word' id='word_1_3' title='bbox 661 62 695 88; x_wconf 88' lang='lat' dir='ltr'>ad</span> <span class='ocrx_word' id='word_1_4' title='bbox 710 49 825 88; x_wconf 57' lang='lat' dir='ltr'>&#39;Ariston</span> <span class='ocrx_word' id='word_1_5' title='bbox 846 61 932 88; x_wconf 82' lang='lat' dir='ltr'>Ethic.</span> <span class='ocrx_word' id='word_1_6' title='bbox 955 61 1058 88; x_wconf 87' lang='lat' dir='ltr'>Nicom.</span> 
     </span>
    </p>
   </div>
   <div class='ocr_carea' id='block_1_2' title="bbox 142 166 1322 2160">
    <p class='ocr_par' dir='ltr' id='par_1_2' title="bbox 165 166 1321 489">
     <span class='ocr_line' id='line_1_2' title="bbox 168 166 1321 211; baseline 0.001 -10"><span class='ocrx_word' id='word_1_7' title='bbox 168 188 210 192; x_wconf 86' lang='lat'>—</span> <span class='ocrx_word' id='word_1_8' title='bbox 233 168 281 202; x_wconf 74' lang='grc' dir='ltr'>καὶ</span> <span class='ocrx_word' id='word_1_9' title='bbox 300 171 412 210; x_wconf 74' lang='grc' dir='ltr'>ὸεῖξαι)</span> <span class='ocrx_word' id='word_1_10' title='bbox 435 166 611 200; x_wconf 86' lang='lat' dir='ltr'>Felicianus</span> <span class='ocrx_word' id='word_1_11' title='bbox 635 168 674 199; x_wconf 88' lang='lat' dir='ltr'>de</span> <span class='ocrx_word' id='word_1_12' title='bbox 699 178 737 200; x_wconf 93' lang='lat' dir='ltr'>eo</span> <span class='ocrx_word' id='word_1_13' title='bbox 760 168 884 210; x_wconf 86' lang='lat' dir='ltr'>accipit,</span> <span class='ocrx_word' id='word_1_14' title='bbox 909 169 961 211; x_wconf 91' lang='lat' dir='ltr'>qui</span> <span class='ocrx_word' id='word_1_15' title='bbox 991 169 1132 207; x_wconf 77' lang='lat' dir='ltr'>„leviter</span> <span class='ocrx_word' id='word_1_16' title='bbox 1157 173 1321 210; x_wconf 75' lang='lat' dir='ltr'>percutere</span> 
     </span>
     <span class='ocr_line' id='line_1_3' title="bbox 165 223 1320 268; baseline -0.002 -10"><span class='ocrx_word' id='word_1_17' title='bbox 165 232 292 268; x_wconf 86' lang='lat' dir='ltr'>putans,</span> <span class='ocrx_word' id='word_1_18' title='bbox 316 225 413 256; x_wconf 90' lang='lat' dir='ltr'>ictum</span> <span class='ocrx_word' id='word_1_19' title='bbox 436 224 656 256; x_wconf 88' lang='lat' dir='ltr'>vehementem</span> <span class='ocrx_word' id='word_1_20' title='bbox 673 223 801 255; x_wconf 84' lang='lat' dir='ltr'>inflixit:</span> <span class='ocrx_word' id='word_1_21' title='bbox 825 223 912 256; x_wconf 88' lang='lat' dir='ltr'>verbi</span> <span class='ocrx_word' id='word_1_22' title='bbox 928 235 1022 256; x_wconf 86' lang='lat' dir='ltr'>causa</span> <span class='ocrx_word' id='word_1_23' title='bbox 1043 225 1197 256; x_wconf 73' lang='lat' dir='ltr'>ostendere</span> <span class='ocrx_word' id='word_1_24' title='bbox 1209 224 1320 256; x_wconf 80' lang='lat' dir='ltr'>volens</span> 
     </span>
     <span class='ocr_line' id='line_1_4' title="bbox 166 279 1320 322; baseline -0.001 -9"><span class='ocrx_word' id='word_1_25' title='bbox 166 287 199 313; x_wconf 91' lang='lat' dir='ltr'>et</span> <span class='ocrx_word' id='word_1_26' title='bbox 215 282 339 319; x_wconf 87' lang='lat' dir='ltr'>docere,</span> <span class='ocrx_word' id='word_1_27' title='bbox 363 279 445 311; x_wconf 90' lang='lat' dir='ltr'>sicut</span> <span class='ocrx_word' id='word_1_28' title='bbox 463 279 581 311; x_wconf 88' lang='lat' dir='ltr'>faciunt</span> <span class='ocrx_word' id='word_1_29' title='bbox 600 279 621 310; x_wconf 89' lang='lat' dir='ltr'>ii</span> <span class='ocrx_word' id='word_1_30' title='bbox 643 281 693 320; x_wconf 77' lang='lat' dir='ltr'>qui</span> <span class='ocrx_word' id='word_1_31' title='bbox 714 281 838 311; x_wconf 66' lang='lat' dir='ltr'>summis</span> <span class='ocrx_word' id='word_1_32' title='bbox 857 281 994 313; x_wconf 72' lang='lat' dir='ltr'>manibus</span> <span class='ocrx_word' id='word_1_33' title='bbox 1015 281 1182 319; x_wconf 82' lang='lat' dir='ltr'>decertant3</span> <span class='ocrx_word' id='word_1_34' title='bbox 1205 290 1320 322; x_wconf 81' lang='lat' dir='ltr'>nempe</span> 
     </span>
     <span class='ocr_line' id='line_1_5' title="bbox 166 335 1321 378; baseline 0 -11"><span class='ocrx_word' id='word_1_35' title='bbox 166 337 238 378; x_wconf 89' lang='lat' dir='ltr'>quia</span> <span class='ocrx_word' id='word_1_36' title='bbox 254 335 521 373; x_wconf 85' lang='lat' dir='ltr'>exercitationem,</span> <span class='ocrx_word' id='word_1_37' title='bbox 537 345 601 366; x_wconf 92' lang='lat' dir='ltr'>non</span> <span class='ocrx_word' id='word_1_38' title='bbox 618 346 756 377; x_wconf 88' lang='lat' dir='ltr'>pugnam</span> <span class='ocrx_word' id='word_1_39' title='bbox 773 335 952 367; x_wconf 89' lang='lat' dir='ltr'>instituunt.</span> <span class='ocrx_word' id='word_1_40' title='bbox 987 336 1022 368; x_wconf 89' lang='lat' dir='ltr'>Si</span> <span class='ocrx_word' id='word_1_41' title='bbox 1037 346 1112 367; x_wconf 90' lang='lat' dir='ltr'>vero</span> <span class='ocrx_word' id='word_1_42' title='bbox 1131 346 1149 367; x_wconf 92' lang='lat' dir='ltr'>e</span> <span class='ocrx_word' id='word_1_43' title='bbox 1171 335 1321 377; x_wconf 85' lang='lat' dir='ltr'>Giphanii</span> 
     </span>
     <span class='ocr_line' id='line_1_6' title="bbox 166 388 1319 434; baseline -0.002 -10"><span class='ocrx_word' id='word_1_44' title='bbox 166 393 345 434; x_wconf 83' lang='lat' dir='ltr'>conjectura</span> <span class='ocrx_word' id='word_1_45' title='bbox 367 393 452 432; x_wconf 75' lang='grc' dir='ltr'>Ξ-ῖξαι</span> <span class='ocrx_word' id='word_1_46' title='bbox 475 389 544 430; x_wconf 80' lang='lat' dir='ltr'>(Mb</span> <span class='ocrx_word' id='word_1_47' title='bbox 567 390 658 432; x_wconf 77' lang='grc' dir='ltr'>ὀίξαι)</span> <span class='ocrx_word' id='word_1_48' title='bbox 683 391 785 433; x_wconf 86' lang='lat' dir='ltr'>legere</span> <span class='ocrx_word' id='word_1_49' title='bbox 809 402 989 432; x_wconf 75' lang='lat' dir='ltr'>possemus,</span> <span class='ocrx_word' id='word_1_50' title='bbox 1013 392 1038 423; x_wconf 78' lang='grc' dir='ltr'>οἱ</span> <span class='ocrx_word' id='word_1_51' title='bbox 1062 388 1319 433; x_wconf 77' lang='grc' dir='ltr'>ἇκροχειριζόμενοι</span> 
     </span>
     <span class='ocr_line' id='line_1_7' title="bbox 165 446 772 489; baseline -0.003 -9"><span class='ocrx_word' id='word_1_52' title='bbox 165 453 251 480; x_wconf 88' lang='lat' dir='ltr'>esset</span> <span class='ocrx_word' id='word_1_53' title='bbox 272 446 430 489; x_wconf 85' lang='lat' dir='ltr'>peculiare</span> <span class='ocrx_word' id='word_1_54' title='bbox 453 447 639 478; x_wconf 81' lang='lat' dir='ltr'>certantium</span> <span class='ocrx_word' id='word_1_55' title='bbox 663 458 772 489; x_wconf 88' lang='lat' dir='ltr'>genus.</span> 
     </span>
    </p>

    <p class='ocr_par' dir='ltr' id='par_1_3' title="bbox 164 498 1320 712">
     <span class='ocr_line' id='line_1_8' title="bbox 254 498 1320 544; baseline -0.001 -8"><span class='ocrx_word' id='word_1_56' title='bbox 254 503 282 544; x_wconf 65' lang='grc' dir='ltr'>ᾅ-</span> <span class='ocrx_word' id='word_1_57' title='bbox 307 502 359 537; x_wconf 86' lang='grc'>18.</span> <span class='ocrx_word' id='word_1_58' title='bbox 406 502 431 533; x_wconf 82' lang='grc' dir='ltr'>ἐν</span> <span class='ocrx_word' id='word_1_59' title='bbox 455 500 494 540; x_wconf 68' lang='lat' dir='ltr'>oi}</span> <span class='ocrx_word' id='word_1_60' title='bbox 516 498 534 543; x_wconf 84' lang='grc' dir='ltr'>ἡ</span> <span class='ocrx_word' id='word_1_61' title='bbox 557 501 675 543; x_wconf 65' lang='grc' dir='ltr'>πρᾶξις)</span> <span class='ocrx_word' id='word_1_62' title='bbox 700 503 808 534; x_wconf 85' lang='lat' dir='ltr'>Priore</span> <span class='ocrx_word' id='word_1_63' title='bbox 832 503 903 534; x_wconf 90' lang='lat' dir='ltr'>loco</span> <span class='ocrx_word' id='word_1_64' title='bbox 926 503 1005 534; x_wconf 88' lang='lat' dir='ltr'>haec</span> <span class='ocrx_word' id='word_1_65' title='bbox 1026 503 1123 535; x_wconf 89' lang='lat' dir='ltr'>verba</span> <span class='ocrx_word' id='word_1_66' title='bbox 1146 504 1185 535; x_wconf 91' lang='lat' dir='ltr'>ad</span> <span class='ocrx_word' id='word_1_67' title='bbox 1209 514 1320 535; x_wconf 85' lang='lat' dir='ltr'>omnes</span> 
     </span>
     <span class='ocr_line' id='line_1_9' title="bbox 165 558 1319 600; baseline -0.001 -9"><span class='ocrx_word' id='word_1_68' title='bbox 165 570 221 591; x_wconf 86' lang='lat' dir='ltr'>sex</span> <span class='ocrx_word' id='word_1_69' title='bbox 245 558 418 600; x_wconf 79' lang='lat' dir='ltr'>categorias</span> <span class='ocrx_word' id='word_1_70' title='bbox 440 558 604 590; x_wconf 82' lang='lat' dir='ltr'>referenda</span> <span class='ocrx_word' id='word_1_71' title='bbox 628 563 713 597; x_wconf 90' lang='lat' dir='ltr'>sunt,</span> <span class='ocrx_word' id='word_1_72' title='bbox 736 558 911 599; x_wconf 90' lang='lat' dir='ltr'>posteriore</span> <span class='ocrx_word' id='word_1_73' title='bbox 930 558 1000 590; x_wconf 93' lang='lat' dir='ltr'>loco</span> <span class='ocrx_word' id='word_1_74' title='bbox 1011 559 1078 600; x_wconf 89' lang='lat' dir='ltr'>jam</span> <span class='ocrx_word' id='word_1_75' title='bbox 1093 559 1319 600; x_wconf 83' lang='lat' dir='ltr'>Paraphrastes</span> 
     </span>
     <span class='ocr_line' id='line_1_10' title="bbox 164 610 1320 656; baseline 0 -10"><span class='ocrx_word' id='word_1_76' title='bbox 164 619 249 646; x_wconf 88' lang='lat' dir='ltr'>recte</span> <span class='ocrx_word' id='word_1_77' title='bbox 273 614 454 655; x_wconf 83' lang='lat' dir='ltr'>explicavit:</span> <span class='ocrx_word' id='word_1_78' title='bbox 486 610 523 644; x_wconf 73' lang='grc' dir='ltr'>ταὶ</span> <span class='ocrx_word' id='word_1_79' title='bbox 554 610 690 653; x_wconf 74' lang='grc' dir='ltr'>πρόςωπα</span> <span class='ocrx_word' id='word_1_80' title='bbox 721 611 769 644; x_wconf 77' lang='grc' dir='ltr'>καὶ</span> <span class='ocrx_word' id='word_1_81' title='bbox 800 611 831 644; x_wconf 68' lang='grc' dir='ltr'>τὸ</span> <span class='ocrx_word' id='word_1_82' title='bbox 857 611 942 654; x_wconf 76' lang='grc' dir='ltr'><em>ἔργον.</em></span> <span class='ocrx_word' id='word_1_83' title='bbox 991 614 1140 645; x_wconf 86' lang='lat' dir='ltr'>Similiter</span> <span class='ocrx_word' id='word_1_84' title='bbox 1163 614 1320 656; x_wconf 88' lang='lat' dir='ltr'>Interpres</span> 
     </span>
     <span class='ocr_line' id='line_1_11' title="bbox 164 666 614 712; baseline -0.004 -10"><span class='ocrx_word' id='word_1_85' title='bbox 164 680 309 712; x_wconf 84' lang='lat' dir='ltr'>graecus:</span> <span class='ocrx_word' id='word_1_86' title='bbox 335 666 394 701; x_wconf 68' lang='grc' dir='ltr'>ἀντὶ</span> <span class='ocrx_word' id='word_1_87' title='bbox 418 669 469 700; x_wconf 74' lang='grc' dir='ltr'>τοῦ</span> <span class='ocrx_word' id='word_1_88' title='bbox 491 666 554 709; x_wconf 68' lang='grc' dir='ltr'>περὶ</span> <span class='ocrx_word' id='word_1_89' title='bbox 579 668 614 700; x_wconf 80' lang='grc' dir='ltr'>τί.</span> 
     </span>
    </p>

    <p class='ocr_par' dir='ltr' id='par_1_4' title="bbox 159 719 1320 1048">
     <span class='ocr_line' id='line_1_12' title="bbox 255 719 1318 767; baseline 0.002 -11"><span class='ocrx_word' id='word_1_90' title='bbox 255 726 283 766; x_wconf 55' lang='grc' dir='ltr'>ᾗ.</span> <span class='ocrx_word' id='word_1_91' title='bbox 300 725 354 758; x_wconf 80' lang='grc'>22.</span> <span class='ocrx_word' id='word_1_92' title='bbox 394 725 489 766; x_wconf 91' lang='lat' dir='ltr'>(Cap.</span> <span class='ocrx_word' id='word_1_93' title='bbox 507 724 572 763; x_wconf 86' lang='grc' dir='ltr'>ΠΙ.)</span> <span class='ocrx_word' id='word_1_94' title='bbox 611 719 630 765; x_wconf 74' lang='grc' dir='ltr'>ἢ</span> <span class='ocrx_word' id='word_1_95' title='bbox 652 722 758 766; x_wconf 65' lang='grc' dir='ltr'>θυμόν)</span> <span class='ocrx_word' id='word_1_96' title='bbox 781 724 834 756; x_wconf 85' lang='grc' dir='ltr'>καί</span> <span class='ocrx_word' id='word_1_97' title='bbox 854 736 911 766; x_wconf 89' lang='lat' dir='ltr'>pro</span> <span class='ocrx_word' id='word_1_98' title='bbox 936 719 1162 767; x_wconf 49' lang='lat' dir='ltr'>ZCardwellus</span> <span class='ocrx_word' id='word_1_99' title='bbox 1186 731 1219 758; x_wconf 89' lang='lat' dir='ltr'>et</span> <span class='ocrx_word' id='word_1_100' title='bbox 1235 726 1318 758; x_wconf 88' lang='lat' dir='ltr'>Bek-</span> 
     </span>
     <span class='ocr_line' id='line_1_13' title="bbox 165 778 1320 824; baseline 0 -11"><span class='ocrx_word' id='word_1_101' title='bbox 165 782 259 813; x_wconf 87' lang='lat' dir='ltr'>kerus</span> <span class='ocrx_word' id='word_1_102' title='bbox 283 792 353 813; x_wconf 88' lang='lat' dir='ltr'>cum</span> <span class='ocrx_word' id='word_1_103' title='bbox 379 781 435 819; x_wconf 67' lang='lat'>11²,</span> <span class='ocrx_word' id='word_1_104' title='bbox 465 778 523 819; x_wconf 69' lang='lat' dir='ltr'>Kb,</span> <span class='ocrx_word' id='word_1_105' title='bbox 553 780 656 811; x_wconf 89' lang='lat' dir='ltr'>minus</span> <span class='ocrx_word' id='word_1_106' title='bbox 681 787 841 820; x_wconf 81' lang='lat' dir='ltr'>accurate3</span> <span class='ocrx_word' id='word_1_107' title='bbox 877 792 942 813; x_wconf 87' lang='lat' dir='ltr'>non</span> <span class='ocrx_word' id='word_1_108' title='bbox 974 782 1056 813; x_wconf 87' lang='lat' dir='ltr'>enim</span> <span class='ocrx_word' id='word_1_109' title='bbox 1080 787 1248 824; x_wconf 88' lang='lat' dir='ltr'>utrumque</span> <span class='ocrx_word' id='word_1_110' title='bbox 1271 785 1320 821; x_wconf 89' lang='lat' dir='ltr'>(et</span> 
     </span>
     <span class='ocr_line' id='line_1_14' title="bbox 165 836 1318 879; baseline -0.001 -9"><span class='ocrx_word' id='word_1_111' title='bbox 165 837 320 879; x_wconf 86' lang='lat' dir='ltr'>cupiditas</span> <span class='ocrx_word' id='word_1_112' title='bbox 344 841 377 868; x_wconf 88' lang='lat' dir='ltr'>et</span> <span class='ocrx_word' id='word_1_113' title='bbox 399 836 458 875; x_wconf 90' lang='lat' dir='ltr'>ira)</span> <span class='ocrx_word' id='word_1_114' title='bbox 482 836 674 878; x_wconf 84' lang='lat' dir='ltr'>singularum</span> <span class='ocrx_word' id='word_1_115' title='bbox 699 836 859 868; x_wconf 86' lang='lat' dir='ltr'>actionum</span> <span class='ocrx_word' id='word_1_116' title='bbox 883 848 977 869; x_wconf 89' lang='lat' dir='ltr'>causa</span> <span class='ocrx_word' id='word_1_117' title='bbox 1001 843 1065 875; x_wconf 83' lang='lat' dir='ltr'>est,</span> <span class='ocrx_word' id='word_1_118' title='bbox 1090 838 1146 869; x_wconf 87' lang='lat' dir='ltr'>sed</span> <span class='ocrx_word' id='word_1_119' title='bbox 1168 837 1318 869; x_wconf 85' lang='lat' dir='ltr'>uniuscu—</span> 
     </span>
     <span class='ocr_line' id='line_1_15' title="bbox 159 892 1318 935; baseline -0.001 -10"><span class='ocrx_word' id='word_1_120' title='bbox 159 895 275 935; x_wconf 89' lang='lat' dir='ltr'>jusque</span> <span class='ocrx_word' id='word_1_121' title='bbox 295 893 489 924; x_wconf 86' lang='lat' dir='ltr'>alterutrum.</span> <span class='ocrx_word' id='word_1_122' title='bbox 537 892 739 934; x_wconf 73' lang='lat' dir='ltr'><strong>Quamquam</strong></span> <span class='ocrx_word' id='word_1_123' title='bbox 759 892 814 924; x_wconf 84' lang='lat' dir='ltr'>has</span> <span class='ocrx_word' id='word_1_124' title='bbox 835 893 1002 934; x_wconf 86' lang='lat' dir='ltr'>particulas</span> <span class='ocrx_word' id='word_1_125' title='bbox 1019 893 1207 925; x_wconf 86' lang='lat' dir='ltr'>Aristoteles</span> <span class='ocrx_word' id='word_1_126' title='bbox 1224 903 1318 934; x_wconf 83' lang='lat' dir='ltr'>saepe</span> 
     </span>
     <span class='ocr_line' id='line_1_16' title="bbox 164 946 1318 990; baseline -0.002 -9"><span class='ocrx_word' id='word_1_127' title='bbox 164 950 247 981; x_wconf 87' lang='lat' dir='ltr'>inter</span> <span class='ocrx_word' id='word_1_128' title='bbox 269 959 304 980; x_wconf 92' lang='lat' dir='ltr'>se</span> <span class='ocrx_word' id='word_1_129' title='bbox 328 947 535 990; x_wconf 88' lang='lat' dir='ltr'>permutavit,</span> <span class='ocrx_word' id='word_1_130' title='bbox 560 958 631 979; x_wconf 90' lang='lat' dir='ltr'>cum</span> <span class='ocrx_word' id='word_1_131' title='bbox 655 947 733 978; x_wconf 88' lang='lat' dir='ltr'>infra</span> <span class='ocrx_word' id='word_1_132' title='bbox 758 948 785 988; x_wconf 63' lang='grc' dir='ltr'>ᾧ.</span> <span class='ocrx_word' id='word_1_133' title='bbox 806 949 858 981; x_wconf 83' lang='grc'>24.</span> <span class='ocrx_word' id='word_1_134' title='bbox 883 949 1058 990; x_wconf 87' lang='lat' dir='ltr'>scripserit:</span> <span class='ocrx_word' id='word_1_135' title='bbox 1085 946 1143 980; x_wconf 75' lang='grc' dir='ltr'>ἀπὸ</span> <span class='ocrx_word' id='word_1_136' title='bbox 1158 950 1256 990; x_wconf 63' lang='grc' dir='ltr'>θυμοῦ</span> <span class='ocrx_word' id='word_1_137' title='bbox 1269 946 1318 980; x_wconf 80' lang='grc' dir='ltr'>καὶ</span> 
     </span>
     <span class='ocr_line' id='line_1_17' title="bbox 166 1004 329 1048; baseline -0.006 -11"><span class='ocrx_word' id='word_1_138' title='bbox 166 1004 329 1048; x_wconf 61' lang='grc' dir='ltr'>ἐπιθυμίας.</span> 
     </span>
    </p>

    <p class='ocr_par' dir='ltr' id='par_1_5' title="bbox 165 1056 1320 1436">
     <span class='ocr_line' id='line_1_18' title="bbox 254 1056 1317 1103; baseline 0 -11"><span class='ocrx_word' id='word_1_139' title='bbox 254 1061 282 1102; x_wconf 63' lang='grc' dir='ltr'>ᾧ.</span> <span class='ocrx_word' id='word_1_140' title='bbox 299 1060 352 1094; x_wconf 85' lang='grc'>24.</span> <span class='ocrx_word' id='word_1_141' title='bbox 398 1057 436 1092; x_wconf 77' lang='grc' dir='ltr'>τοὶ</span> <span class='ocrx_word' id='word_1_142' title='bbox 451 1057 528 1092; x_wconf 65' lang='grc' dir='ltr'><em>κατεῖ</em></span> <span class='ocrx_word' id='word_1_143' title='bbox 544 1057 679 1102; x_wconf 75' lang='grc' dir='ltr'>λογισμὸν</span> <span class='ocrx_word' id='word_1_144' title='bbox 693 1056 711 1101; x_wconf 80' lang='grc' dir='ltr'>ἢ</span> <span class='ocrx_word' id='word_1_145' title='bbox 723 1058 831 1103; x_wconf 61' lang='grc' dir='ltr'>θυμόν)</span> <span class='ocrx_word' id='word_1_146' title='bbox 855 1062 976 1103; x_wconf 89' lang='lat' dir='ltr'>Aeque,</span> <span class='ocrx_word' id='word_1_147' title='bbox 997 1061 1046 1093; x_wconf 90' lang='lat' dir='ltr'>vel</span> <span class='ocrx_word' id='word_1_148' title='bbox 1062 1062 1127 1093; x_wconf 88' lang='lat' dir='ltr'>fere</span> <span class='ocrx_word' id='word_1_149' title='bbox 1143 1072 1241 1103; x_wconf 90' lang='lat' dir='ltr'>aeque</span> <span class='ocrx_word' id='word_1_150' title='bbox 1257 1062 1317 1092; x_wconf 88' lang='lat' dir='ltr'>im—</span> 
     </span>
     <span class='ocr_line' id='line_1_19' title="bbox 165 1115 1320 1159; baseline -0.001 -10"><span class='ocrx_word' id='word_1_151' title='bbox 165 1121 316 1159; x_wconf 82' lang='lat' dir='ltr'>putantur</span> <span class='ocrx_word' id='word_1_152' title='bbox 329 1115 421 1147; x_wconf 91' lang='lat' dir='ltr'>nobis</span> <span class='ocrx_word' id='word_1_153' title='bbox 436 1116 588 1154; x_wconf 85' lang='lat' dir='ltr'>actiones,</span> <span class='ocrx_word' id='word_1_154' title='bbox 602 1116 667 1147; x_wconf 91' lang='lat' dir='ltr'>sive</span> <span class='ocrx_word' id='word_1_155' title='bbox 680 1116 794 1148; x_wconf 87' lang='lat' dir='ltr'>affectu</span> <span class='ocrx_word' id='word_1_156' title='bbox 807 1117 943 1158; x_wconf 83' lang='lat' dir='ltr'>quodam</span> <span class='ocrx_word' id='word_1_157' title='bbox 956 1117 1123 1158; x_wconf 87' lang='lat' dir='ltr'>compulsi,</span> <span class='ocrx_word' id='word_1_158' title='bbox 1143 1128 1199 1149; x_wconf 86' lang='lat' dir='ltr'>seu</span> <span class='ocrx_word' id='word_1_159' title='bbox 1216 1116 1320 1149; x_wconf 88' lang='lat' dir='ltr'>sobria</span> 
     </span>
     <span class='ocr_line' id='line_1_20' title="bbox 166 1171 1318 1214; baseline -0.001 -10"><span class='ocrx_word' id='word_1_160' title='bbox 166 1172 404 1204; x_wconf 86' lang='lat' dir='ltr'>ratiocinatione</span> <span class='ocrx_word' id='word_1_161' title='bbox 431 1172 585 1213; x_wconf 88' lang='lat' dir='ltr'>egerimus</span> <span class='ocrx_word' id='word_1_162' title='bbox 609 1171 695 1209; x_wconf 87' lang='lat' dir='ltr'>(vide</span> <span class='ocrx_word' id='word_1_163' title='bbox 717 1182 812 1212; x_wconf 89' lang='lat' dir='ltr'>supra</span> <span class='ocrx_word' id='word_1_164' title='bbox 830 1172 869 1202; x_wconf 90' lang='lat' dir='ltr'>ad</span> <span class='ocrx_word' id='word_1_165' title='bbox 882 1172 910 1213; x_wconf 66' lang='grc' dir='ltr'>ξ.</span> <span class='ocrx_word' id='word_1_166' title='bbox 932 1172 982 1210; x_wconf 84' lang='grc'>14,</span> <span class='ocrx_word' id='word_1_167' title='bbox 1011 1184 1042 1214; x_wconf 89' lang='lat' dir='ltr'>p.</span> <span class='ocrx_word' id='word_1_168' title='bbox 1060 1172 1149 1211; x_wconf 84' lang='lat'>106).</span> <span class='ocrx_word' id='word_1_169' title='bbox 1179 1190 1218 1196; x_wconf 86' lang='lat'>—</span> <span class='ocrx_word' id='word_1_170' title='bbox 1242 1173 1272 1204; x_wconf 78' lang='grc' dir='ltr'>αἱ</span> <span class='ocrx_word' id='word_1_171' title='bbox 1287 1171 1318 1203; x_wconf 69' lang='grc' dir='ltr'>δὲ</span> 
     </span>
     <span class='ocr_line' id='line_1_21' title="bbox 167 1222 1320 1269; baseline -0.002 -9"><span class='ocrx_word' id='word_1_172' title='bbox 167 1226 295 1269; x_wconf 74' lang='grc' dir='ltr'>πράξεις)</span> <span class='ocrx_word' id='word_1_173' title='bbox 321 1227 514 1259; x_wconf 83' lang='lat' dir='ltr'>Cardwellus</span> <span class='ocrx_word' id='word_1_174' title='bbox 541 1238 579 1258; x_wconf 82' lang='lat' dir='ltr'>ex</span> <span class='ocrx_word' id='word_1_175' title='bbox 602 1238 660 1258; x_wconf 87' lang='lat' dir='ltr'>suo</span> <span class='ocrx_word' id='word_1_176' title='bbox 684 1227 792 1258; x_wconf 86' lang='lat' dir='ltr'>codice</span> <span class='ocrx_word' id='word_1_177' title='bbox 816 1226 892 1266; x_wconf 69' lang='lat' dir='ltr'>(Kb)</span> <span class='ocrx_word' id='word_1_178' title='bbox 917 1223 981 1266; x_wconf 70' lang='grc' dir='ltr'>ὥςτε</span> <span class='ocrx_word' id='word_1_179' title='bbox 1006 1225 1054 1258; x_wconf 69' lang='grc' dir='ltr'>καὶ</span> <span class='ocrx_word' id='word_1_180' title='bbox 1078 1228 1107 1258; x_wconf 84' lang='grc' dir='ltr'>αἶ</span> <span class='ocrx_word' id='word_1_181' title='bbox 1132 1225 1246 1268; x_wconf 69' lang='grc' dir='ltr'><em>πράξεις</em></span> <span class='ocrx_word' id='word_1_182' title='bbox 1270 1222 1320 1258; x_wconf 62' lang='lat' dir='ltr'>roi}</span> 
     </span>
     <span class='ocr_line' id='line_1_22' title="bbox 166 1278 1319 1325; baseline -0.002 -9"><span class='ocrx_word' id='word_1_183' title='bbox 166 1281 335 1324; x_wconf 63' lang='grc' dir='ltr'><em>ἀνθρώπου,</em></span> <span class='ocrx_word' id='word_1_184' title='bbox 368 1282 494 1314; x_wconf 87' lang='lat' dir='ltr'>omissis</span> <span class='ocrx_word' id='word_1_185' title='bbox 524 1278 582 1313; x_wconf 70' lang='grc' dir='ltr'>ἀπὸ</span> <span class='ocrx_word' id='word_1_186' title='bbox 606 1281 703 1324; x_wconf 67' lang='grc' dir='ltr'><em>θυμοῦ</em></span> <span class='ocrx_word' id='word_1_187' title='bbox 725 1280 773 1313; x_wconf 77' lang='grc' dir='ltr'>καὶ</span> <span class='ocrx_word' id='word_1_188' title='bbox 797 1282 961 1324; x_wconf 60' lang='grc' dir='ltr'><em>ἐπιθυμίας.</em></span> <span class='ocrx_word' id='word_1_189' title='bbox 1007 1284 1052 1315; x_wconf 89' lang='lat' dir='ltr'>Et</span> <span class='ocrx_word' id='word_1_190' title='bbox 1074 1283 1170 1314; x_wconf 85' lang='lat' dir='ltr'>habet</span> <span class='ocrx_word' id='word_1_191' title='bbox 1193 1283 1319 1325; x_wconf 93' lang='lat' dir='ltr'>quidem</span> 
     </span>
     <span class='ocr_line' id='line_1_23' title="bbox 166 1335 1320 1379; baseline -0.001 -7"><span class='ocrx_word' id='word_1_192' title='bbox 166 1346 198 1372; x_wconf 91' lang='lat' dir='ltr'>et</span> <span class='ocrx_word' id='word_1_193' title='bbox 220 1341 260 1372; x_wconf 88' lang='lat' dir='ltr'>El</span> <span class='ocrx_word' id='word_1_194' title='bbox 285 1335 349 1377; x_wconf 68' lang='grc' dir='ltr'>ὥςτε</span> <span class='ocrx_word' id='word_1_195' title='bbox 373 1336 420 1369; x_wconf 78' lang='grc' dir='ltr'>καὶ</span> <span class='ocrx_word' id='word_1_196' title='bbox 445 1338 487 1374; x_wconf 79' lang='grc' dir='ltr'>αἱ,</span> <span class='ocrx_word' id='word_1_197' title='bbox 518 1343 550 1368; x_wconf 92' lang='lat' dir='ltr'>et</span> <span class='ocrx_word' id='word_1_198' title='bbox 575 1338 661 1369; x_wconf 90' lang='lat' dir='ltr'>CCC</span> <span class='ocrx_word' id='word_1_199' title='bbox 692 1338 723 1368; x_wconf 90' lang='lat' dir='ltr'>in</span> <span class='ocrx_word' id='word_1_200' title='bbox 748 1339 887 1379; x_wconf 87' lang='lat' dir='ltr'>margine</span> <span class='ocrx_word' id='word_1_201' title='bbox 914 1336 953 1369; x_wconf 83' lang='grc' dir='ltr'>ἔτι</span> <span class='ocrx_word' id='word_1_202' title='bbox 979 1336 1027 1369; x_wconf 78' lang='grc' dir='ltr'>καὶ</span> <span class='ocrx_word' id='word_1_203' title='bbox 1052 1339 1091 1369; x_wconf 78' lang='grc' dir='ltr'>αἱ.</span> <span class='ocrx_word' id='word_1_204' title='bbox 1139 1339 1203 1370; x_wconf 90' lang='lat' dir='ltr'>Sed</span> <span class='ocrx_word' id='word_1_205' title='bbox 1225 1339 1320 1371; x_wconf 88' lang='lat' dir='ltr'>lectio</span> 
     </span>
     <span class='ocr_line' id='line_1_24' title="bbox 167 1393 1320 1436; baseline -0.002 -8"><span class='ocrx_word' id='word_1_206' title='bbox 167 1394 392 1428; x_wconf 86' lang='lat' dir='ltr'>Cardwelliana</span> <span class='ocrx_word' id='word_1_207' title='bbox 426 1393 595 1434; x_wconf 82' lang='lat' dir='ltr'>insipidam</span> <span class='ocrx_word' id='word_1_208' title='bbox 631 1393 721 1424; x_wconf 88' lang='lat' dir='ltr'>affert</span> <span class='ocrx_word' id='word_1_209' title='bbox 754 1393 1024 1435; x_wconf 86' lang='lat' dir='ltr'>consequentiam.</span> <span class='ocrx_word' id='word_1_210' title='bbox 1086 1394 1193 1436; x_wconf 86' lang='lat' dir='ltr'>Itaque</span> <span class='ocrx_word' id='word_1_211' title='bbox 1231 1395 1260 1426; x_wconf 79' lang='grc' dir='ltr'>αἱ</span> <span class='ocrx_word' id='word_1_212' title='bbox 1289 1394 1320 1426; x_wconf 73' lang='grc' dir='ltr'>δὲ</span> 
     </span>
    </p>

    <p class='ocr_par' dir='ltr' id='par_1_6' title="bbox 142 1448 1321 1546">
     <span class='ocr_line' id='line_1_25' title="bbox 142 1448 1321 1492; baseline -0.001 -9"><span class='ocrx_word' id='word_1_213' title='bbox 142 1448 280 1492; x_wconf 52' lang='grc' dir='ltr'>,πράξεις</span> <span class='ocrx_word' id='word_1_214' title='bbox 311 1461 375 1480; x_wconf 92' lang='lat' dir='ltr'>non</span> <span class='ocrx_word' id='word_1_215' title='bbox 406 1455 455 1480; x_wconf 90' lang='lat' dir='ltr'>est</span> <span class='ocrx_word' id='word_1_216' title='bbox 484 1449 728 1490; x_wconf 86' lang='lat' dir='ltr'>consequentia,</span> <span class='ocrx_word' id='word_1_217' title='bbox 761 1449 817 1480; x_wconf 91' lang='lat' dir='ltr'>sed</span> <span class='ocrx_word' id='word_1_218' title='bbox 840 1449 979 1490; x_wconf 85' lang='lat' dir='ltr'>pertinet</span> <span class='ocrx_word' id='word_1_219' title='bbox 1001 1450 1040 1480; x_wconf 88' lang='lat' dir='ltr'>ad</span> <span class='ocrx_word' id='word_1_220' title='bbox 1064 1450 1235 1488; x_wconf 87' lang='lat' dir='ltr'>rationem,</span> <span class='ocrx_word' id='word_1_221' title='bbox 1267 1461 1321 1482; x_wconf 90' lang='lat' dir='ltr'>eur</span> 
     </span>
     <span class='ocr_line' id='line_1_26' title="bbox 165 1505 1230 1546; baseline 0 -8"><span class='ocrx_word' id='word_1_222' title='bbox 165 1508 240 1538; x_wconf 84' lang='lat' dir='ltr'>talia</span> <span class='ocrx_word' id='word_1_223' title='bbox 263 1507 294 1537; x_wconf 91' lang='lat' dir='ltr'>in</span> <span class='ocrx_word' id='word_1_224' title='bbox 318 1506 366 1544; x_wconf 89' lang='lat' dir='ltr'>iis,</span> <span class='ocrx_word' id='word_1_225' title='bbox 390 1516 469 1546; x_wconf 90' lang='lat' dir='ltr'>quae</span> <span class='ocrx_word' id='word_1_226' title='bbox 493 1505 589 1536; x_wconf 85' lang='lat' dir='ltr'>invite</span> <span class='ocrx_word' id='word_1_227' title='bbox 613 1505 711 1543; x_wconf 86' lang='lat' dir='ltr'>fiunt,</span> <span class='ocrx_word' id='word_1_228' title='bbox 736 1516 911 1544; x_wconf 90' lang='lat' dir='ltr'>numerare,</span> <span class='ocrx_word' id='word_1_229' title='bbox 934 1505 1028 1537; x_wconf 88' lang='lat' dir='ltr'>fuerit</span> <span class='ocrx_word' id='word_1_230' title='bbox 1050 1505 1230 1538; x_wconf 88' lang='lat' dir='ltr'>absurdum.</span> 
     </span>
    </p>

    <p class='ocr_par' dir='ltr' id='par_1_7' title="bbox 166 1560 1322 2160">
     <span class='ocr_line' id='line_1_27' title="bbox 254 1560 1320 1604; baseline 0.001 -11"><span class='ocrx_word' id='word_1_231' title='bbox 254 1561 352 1593; x_wconf 80' lang='lat' dir='ltr'>GAP.</span> <span class='ocrx_word' id='word_1_232' title='bbox 383 1560 426 1590; x_wconf 80' lang='lat' dir='ltr'>ll.</span> <span class='ocrx_word' id='word_1_233' title='bbox 481 1561 508 1601; x_wconf 63' lang='grc' dir='ltr'>ξ.</span> <span class='ocrx_word' id='word_1_234' title='bbox 544 1561 571 1591; x_wconf 87' lang='grc'>1.</span> <span class='ocrx_word' id='word_1_235' title='bbox 626 1560 729 1602; x_wconf 88' lang='lat' dir='ltr'>(Cap.</span> <span class='ocrx_word' id='word_1_236' title='bbox 753 1560 828 1600; x_wconf 91' lang='lat' dir='ltr'>IV.)</span> <span class='ocrx_word' id='word_1_237' title='bbox 889 1561 972 1593; x_wconf 91' lang='lat' dir='ltr'>Cum</span> <span class='ocrx_word' id='word_1_238' title='bbox 1004 1561 1036 1592; x_wconf 93' lang='lat' dir='ltr'>in</span> <span class='ocrx_word' id='word_1_239' title='bbox 1073 1562 1187 1594; x_wconf 86' lang='lat' dir='ltr'>virtute</span> <span class='ocrx_word' id='word_1_240' title='bbox 1223 1562 1320 1604; x_wconf 84' lang='lat' dir='ltr'>magis</span> 
     </span>
     <span class='ocr_line' id='line_1_28' title="bbox 166 1616 1319 1660; baseline -0.001 -10"><span class='ocrx_word' id='word_1_241' title='bbox 166 1622 336 1660; x_wconf 85' lang='lat' dir='ltr'>spectetur,</span> <span class='ocrx_word' id='word_1_242' title='bbox 361 1616 520 1658; x_wconf 92' lang='lat' dir='ltr'>quomodo</span> <span class='ocrx_word' id='word_1_243' title='bbox 545 1616 689 1657; x_wconf 91' lang='lat' dir='ltr'>dispositi</span> <span class='ocrx_word' id='word_1_244' title='bbox 702 1616 800 1648; x_wconf 86' lang='lat' dir='ltr'>simus</span> <span class='ocrx_word' id='word_1_245' title='bbox 823 1616 855 1647; x_wconf 93' lang='lat' dir='ltr'>in</span> <span class='ocrx_word' id='word_1_246' title='bbox 873 1617 991 1657; x_wconf 89' lang='lat' dir='ltr'>animo,</span> <span class='ocrx_word' id='word_1_247' title='bbox 1016 1629 1108 1659; x_wconf 90' lang='lat' dir='ltr'>quam</span> <span class='ocrx_word' id='word_1_248' title='bbox 1125 1617 1198 1659; x_wconf 88' lang='lat' dir='ltr'>quid</span> <span class='ocrx_word' id='word_1_249' title='bbox 1215 1622 1319 1650; x_wconf 85' lang='lat' dir='ltr'>actum</span> 
     </span>
     <span class='ocr_line' id='line_1_29' title="bbox 166 1672 1319 1715; baseline 0 -10"><span class='ocrx_word' id='word_1_250' title='bbox 166 1674 207 1705; x_wconf 89' lang='lat' dir='ltr'>sit</span> <span class='ocrx_word' id='word_1_251' title='bbox 230 1678 263 1705; x_wconf 90' lang='lat' dir='ltr'>et</span> <span class='ocrx_word' id='word_1_252' title='bbox 285 1676 389 1704; x_wconf 89' lang='lat' dir='ltr'>exstet</span> <span class='ocrx_word' id='word_1_253' title='bbox 411 1672 442 1702; x_wconf 89' lang='lat' dir='ltr'>in</span> <span class='ocrx_word' id='word_1_254' title='bbox 467 1683 570 1703; x_wconf 88' lang='lat' dir='ltr'>rerum</span> <span class='ocrx_word' id='word_1_255' title='bbox 596 1677 707 1704; x_wconf 89' lang='lat' dir='ltr'>natura</span> <span class='ocrx_word' id='word_1_256' title='bbox 735 1683 792 1713; x_wconf 87' lang='lat' dir='ltr'>per</span> <span class='ocrx_word' id='word_1_257' title='bbox 814 1677 955 1704; x_wconf 87' lang='lat' dir='ltr'>nostram</span> <span class='ocrx_word' id='word_1_258' title='bbox 980 1673 1214 1715; x_wconf 87' lang='lat' dir='ltr'>operationem,</span> <span class='ocrx_word' id='word_1_259' title='bbox 1245 1684 1319 1715; x_wconf 92' lang='lat' dir='ltr'>pro-</span> 
     </span>
     <span class='ocr_line' id='line_1_30' title="bbox 166 1727 1320 1771; baseline 0 -10"><span class='ocrx_word' id='word_1_260' title='bbox 166 1729 271 1771; x_wconf 85' lang='lat' dir='ltr'>posita</span> <span class='ocrx_word' id='word_1_261' title='bbox 294 1728 420 1759; x_wconf 90' lang='lat' dir='ltr'>demum</span> <span class='ocrx_word' id='word_1_262' title='bbox 443 1727 590 1759; x_wconf 83' lang='lat' dir='ltr'>virtutem</span> <span class='ocrx_word' id='word_1_263' title='bbox 615 1727 802 1769; x_wconf 83' lang='lat' dir='ltr'>significant,</span> <span class='ocrx_word' id='word_1_264' title='bbox 827 1727 897 1761; x_wconf 86' lang='lat' dir='ltr'>cum</span> <span class='ocrx_word' id='word_1_265' title='bbox 922 1730 1042 1761; x_wconf 89' lang='lat' dir='ltr'>externi</span> <span class='ocrx_word' id='word_1_266' title='bbox 1065 1729 1215 1761; x_wconf 86' lang='lat' dir='ltr'>virtutum</span> <span class='ocrx_word' id='word_1_267' title='bbox 1232 1734 1320 1761; x_wconf 82' lang='lat' dir='ltr'>actus</span> 
     </span>
     <span class='ocr_line' id='line_1_31' title="bbox 167 1783 1322 1827; baseline 0 -10"><span class='ocrx_word' id='word_1_268' title='bbox 167 1786 262 1817; x_wconf 87' lang='lat' dir='ltr'>etiam</span> <span class='ocrx_word' id='word_1_269' title='bbox 286 1788 342 1823; x_wconf 87' lang='lat' dir='ltr'>(ut</span> <span class='ocrx_word' id='word_1_270' title='bbox 365 1783 440 1815; x_wconf 86' lang='lat' dir='ltr'>dicit</span> <span class='ocrx_word' id='word_1_271' title='bbox 462 1783 609 1814; x_wconf 89' lang='lat' dir='ltr'>Donatus</span> <span class='ocrx_word' id='word_1_272' title='bbox 633 1784 832 1826; x_wconf 86' lang='lat' dir='ltr'>Acciajolus)</span> <span class='ocrx_word' id='word_1_273' title='bbox 862 1785 943 1817; x_wconf 87' lang='lat' dir='ltr'>forte</span> <span class='ocrx_word' id='word_1_274' title='bbox 967 1786 1091 1816; x_wconf 82' lang='lat' dir='ltr'>fortuna</span> <span class='ocrx_word' id='word_1_275' title='bbox 1115 1790 1169 1816; x_wconf 90' lang='lat' dir='ltr'>aut</span> <span class='ocrx_word' id='word_1_276' title='bbox 1191 1790 1322 1827; x_wconf 86' lang='lat' dir='ltr'>propter</span> 
     </span>
     <span class='ocr_line' id='line_1_32' title="bbox 167 1839 1321 1882; baseline 0 -10"><span class='ocrx_word' id='word_1_277' title='bbox 167 1839 413 1872; x_wconf 83' lang='lat' dir='ltr'>ostentationem</span> <span class='ocrx_word' id='word_1_278' title='bbox 435 1839 485 1870; x_wconf 89' lang='lat' dir='ltr'>vel</span> <span class='ocrx_word' id='word_1_279' title='bbox 501 1839 699 1871; x_wconf 87' lang='lat' dir='ltr'>simulatione</span> <span class='ocrx_word' id='word_1_280' title='bbox 723 1840 826 1882; x_wconf 87' lang='lat' dir='ltr'>aliqua</span> <span class='ocrx_word' id='word_1_281' title='bbox 850 1840 899 1872; x_wconf 88' lang='lat' dir='ltr'>vel</span> <span class='ocrx_word' id='word_1_282' title='bbox 915 1841 1091 1882; x_wconf 86' lang='lat' dir='ltr'>ignorantia</span> <span class='ocrx_word' id='word_1_283' title='bbox 1106 1841 1155 1872; x_wconf 88' lang='lat' dir='ltr'>vel</span> <span class='ocrx_word' id='word_1_284' title='bbox 1171 1840 1321 1872; x_wconf 88' lang='lat' dir='ltr'>violentia</span> 
     </span>
     <span class='ocr_line' id='line_1_33' title="bbox 167 1891 1320 1938; baseline 0 -10"><span class='ocrx_word' id='word_1_285' title='bbox 167 1897 234 1928; x_wconf 90' lang='lat' dir='ltr'>fieri</span> <span class='ocrx_word' id='word_1_286' title='bbox 255 1895 389 1938; x_wconf 84' lang='lat' dir='ltr'>possint.</span> <span class='ocrx_word' id='word_1_287' title='bbox 415 1913 455 1918; x_wconf 90' lang='lat'>—-</span> <span class='ocrx_word' id='word_1_288' title='bbox 478 1891 496 1935; x_wconf 82' lang='grc' dir='ltr'>ἡ</span> <span class='ocrx_word' id='word_1_289' title='bbox 519 1893 679 1935; x_wconf 81' lang='grc' dir='ltr'><em>προαίρεσις</em></span> <span class='ocrx_word' id='word_1_290' title='bbox 700 1895 759 1937; x_wconf 73' lang='grc' dir='ltr'>δή)</span> <span class='ocrx_word' id='word_1_291' title='bbox 795 1895 828 1927; x_wconf 74' lang='grc' dir='ltr'>δέ</span> <span class='ocrx_word' id='word_1_292' title='bbox 849 1896 927 1934; x_wconf 82' lang='grc' dir='ltr'>ΝΟ,</span> <span class='ocrx_word' id='word_1_293' title='bbox 953 1896 1056 1934; x_wconf 87' lang='lat' dir='ltr'>CCC,</span> <span class='ocrx_word' id='word_1_294' title='bbox 1080 1897 1157 1933; x_wconf 88' lang='lat' dir='ltr'>Par,</span> <span class='ocrx_word' id='word_1_295' title='bbox 1177 1894 1233 1935; x_wconf 77' lang='lat' dir='ltr'>L¹’‚</span> <span class='ocrx_word' id='word_1_296' title='bbox 1257 1894 1320 1935; x_wconf 61' lang='lat' dir='ltr'>Mb,</span> 
     </span>
     <span class='ocr_line' id='line_1_34' title="bbox 167 1950 1320 1994; baseline -0.001 -10"><span class='ocrx_word' id='word_1_297' title='bbox 167 1951 224 1990; x_wconf 64' lang='lat' dir='ltr'>Nb,</span> <span class='ocrx_word' id='word_1_298' title='bbox 249 1951 307 1990; x_wconf 77' lang='lat'>0⁸²,</span> <span class='ocrx_word' id='word_1_299' title='bbox 334 1952 418 1989; x_wconf 86' lang='lat' dir='ltr'>Ven3</span> <span class='ocrx_word' id='word_1_300' title='bbox 454 1955 521 1982; x_wconf 89' lang='lat' dir='ltr'>tum</span> <span class='ocrx_word' id='word_1_301' title='bbox 545 1950 746 1990; x_wconf 87' lang='lat' dir='ltr'>continuata,</span> <span class='ocrx_word' id='word_1_302' title='bbox 775 1963 840 1983; x_wconf 91' lang='lat' dir='ltr'>non</span> <span class='ocrx_word' id='word_1_303' title='bbox 865 1951 991 1994; x_wconf 87' lang='lat' dir='ltr'>incepta</span> <span class='ocrx_word' id='word_1_304' title='bbox 1020 1957 1105 1984; x_wconf 90' lang='lat' dir='ltr'>esset</span> <span class='ocrx_word' id='word_1_305' title='bbox 1133 1951 1320 1993; x_wconf 87' lang='lat' dir='ltr'>disquisitio.</span> 
     </span>
     <span class='ocr_line' id='line_1_35' title="bbox 171 2004 1322 2049; baseline 0 -11"><span class='ocrx_word' id='word_1_306' title='bbox 171 2027 205 2032; x_wconf 93' lang='lat'>--</span> <span class='ocrx_word' id='word_1_307' title='bbox 241 2004 277 2038; x_wconf 77' lang='grc' dir='ltr'>τοὶ</span> <span class='ocrx_word' id='word_1_308' title='bbox 301 2005 453 2047; x_wconf 79' lang='grc' dir='ltr'>ἐξαίφνης)</span> <span class='ocrx_word' id='word_1_309' title='bbox 491 2005 573 2038; x_wconf 90' lang='lat' dir='ltr'>Sunt</span> <span class='ocrx_word' id='word_1_310' title='bbox 599 2006 739 2038; x_wconf 86' lang='lat' dir='ltr'>actiones</span> <span class='ocrx_word' id='word_1_311' title='bbox 769 2017 826 2048; x_wconf 89' lang='lat' dir='ltr'>per</span> <span class='ocrx_word' id='word_1_312' title='bbox 855 2008 1002 2040; x_wconf 88' lang='lat' dir='ltr'>affectum</span> <span class='ocrx_word' id='word_1_313' title='bbox 1032 2012 1086 2039; x_wconf 89' lang='lat' dir='ltr'>aut</span> <span class='ocrx_word' id='word_1_314' title='bbox 1117 2007 1322 2049; x_wconf 86' lang='lat' dir='ltr'>cupiditatem</span> 
     </span>
     <span class='ocr_line' id='line_1_36' title="bbox 168 2063 1320 2105; baseline 0.001 -12"><span class='ocrx_word' id='word_1_315' title='bbox 168 2063 364 2100; x_wconf 82' lang='lat' dir='ltr'>commissae,</span> <span class='ocrx_word' id='word_1_316' title='bbox 389 2073 466 2103; x_wconf 87' lang='lat' dir='ltr'>quas</span> <span class='ocrx_word' id='word_1_317' title='bbox 489 2073 560 2093; x_wconf 90' lang='lat' dir='ltr'>cum</span> <span class='ocrx_word' id='word_1_318' title='bbox 585 2073 680 2104; x_wconf 83' lang='lat' dir='ltr'>agens</span> <span class='ocrx_word' id='word_1_319' title='bbox 704 2073 767 2094; x_wconf 93' lang='lat' dir='ltr'>non</span> <span class='ocrx_word' id='word_1_320' title='bbox 792 2063 1038 2104; x_wconf 87' lang='lat' dir='ltr'>praemeditatus</span> <span class='ocrx_word' id='word_1_321' title='bbox 1062 2063 1113 2102; x_wconf 86' lang='lat' dir='ltr'>sit,</span> <span class='ocrx_word' id='word_1_322' title='bbox 1137 2063 1320 2105; x_wconf 80' lang='lat' dir='ltr'>propositae</span> 
     </span>
     <span class='ocr_line' id='line_1_37' title="bbox 168 2117 1319 2160; baseline -0.001 -11"><span class='ocrx_word' id='word_1_323' title='bbox 168 2129 238 2149; x_wconf 81' lang='lat' dir='ltr'>esse</span> <span class='ocrx_word' id='word_1_324' title='bbox 262 2129 324 2149; x_wconf 91' lang='lat' dir='ltr'>non</span> <span class='ocrx_word' id='word_1_325' title='bbox 352 2123 503 2158; x_wconf 87' lang='lat' dir='ltr'>possunt,</span> <span class='ocrx_word' id='word_1_326' title='bbox 534 2118 590 2149; x_wconf 87' lang='lat' dir='ltr'>sed</span> <span class='ocrx_word' id='word_1_327' title='bbox 622 2123 726 2149; x_wconf 89' lang='lat' dir='ltr'>tamen</span> <span class='ocrx_word' id='word_1_328' title='bbox 758 2124 792 2149; x_wconf 87' lang='lat' dir='ltr'>ut</span> <span class='ocrx_word' id='word_1_329' title='bbox 823 2125 1016 2159; x_wconf 83' lang='lat' dir='ltr'>spontaneae</span> <span class='ocrx_word' id='word_1_330' title='bbox 1046 2119 1241 2160; x_wconf 84' lang='lat' dir='ltr'>imputantur</span> <span class='ocrx_word' id='word_1_331' title='bbox 1265 2117 1319 2155; x_wconf 86' lang='lat' dir='ltr'>(cf.</span> 
     </span>
    </p>
   </div>
   <div class='ocr_carea' id='block_1_3' title="bbox 1347 0 1439 2342">
    <p class='ocr_par' dir='ltr' id='par_1_8' title="bbox 1347 0 1439 2342">
     <span class='ocr_line' id='line_1_38' title="bbox 1347 0 1439 2342; baseline 0 0"><span class='ocrx_word' id='word_1_332' title='bbox 1347 0 1439 2342; x_wconf 95' lang='lat' dir='ltr'> </span> 
     </span>
    </p>
   </div>
  </div>
 </body>
</html>
