1439 2342
212 85 278 120 106
492 87 669 111 Commentar.
698 84 732 109 ad
753 84 862 110 Aristot.
883 84 968 110 Ethie.
992 84 1093 111 Nicom.

207 200 311 228 careat
333 193 436 230 omni,
467 203 538 224 cum
568 192 620 234 qui
650 191 682 222 id
705 190 907 223 committant
935 191 1034 234 ipsius
1059 192 1221 225 ebrietatis
1245 197 1278 224 et
1298 192 1359 224 ira-

206 251 338 283 cundiae
368 249 431 279 sint
459 253 622 286 auctores3
657 246 717 278 nisi
746 246 863 288 fingas,
902 246 1038 290 aliquem
1075 258 1132 290 per
1165 247 1361 280 inscientiam

205 306 325 338 ebrium
348 304 466 336 factum
490 313 578 335 esse:
609 302 697 335 verbi
720 313 831 341 causa,
855 302 882 334 si
905 303 974 345 quis
997 304 1108 336 vinum
1131 303 1252 342 album,
1276 303 1362 345 quod

205 372 302 403 aquae
325 361 395 392 loco
417 359 586 401 acceperit,
621 359 653 390 in
677 359 783 390 vinum
810 358 938 390 rubrum
961 359 1141 398 miscuerit,
1172 364 1209 391 ut
1230 359 1263 390 in
1284 369 1362 390 nova

205 418 329 449 Heloisa
351 416 454 448 Juliae
477 420 608 447 amator.
654 415 706 446 De
729 415 782 446 illo
803 420 910 447 tamen
933 426 1050 458 genere
1073 416 1251 454 actionum,
1281 425 1361 457 quae

205 479 254 505 est
276 474 363 514 culpa
387 472 470 513 apud
489 471 736 514 jurisconsultos
759 472 934 510 Romanos,
958 471 1020 504 hoc
1042 472 1114 504 loco
1138 483 1203 504 non
1221 472 1290 514 jam
1312 470 1360 502 lo-

204 530 310 571 quitur
334 528 533 567 Aristoteles,
557 527 614 558 sed
637 527 718 558 infra
740 527 867 558 demum
891 538 919 558 c.
944 529 975 565 5,
1001 527 1029 568 ξ.
1047 527 1125 567 8-9;
1149 533 1182 559 et
1204 537 1263 559 nos
1279 527 1360 567 Syet.

204 586 233 617 d.
254 586 329 626 phil.
354 585 461 616 Moral
481 594 513 625 p.
537 582 661 614 59-64.
710 582 818 623 Itaque
848 593 919 613 cum
944 582 1132 615 Aristoteles
1155 583 1234 624 ipsis
1256 581 1360 614 verbis

204 641 298 679 dicat,
323 639 442 671 ebrium
469 644 501 670 et
523 639 637 670 iratum
661 648 724 669 non
750 648 806 678 per
829 638 1037 679 ignorantiam
1061 649 1163 680 agere,
1182 639 1249 680 jam
1273 638 1360 670 locus

203 696 247 727 ita
275 695 497 737 intelligendus
529 698 595 732 est,
631 699 666 725 ut
695 700 831 736 ponatur
861 695 1057 737 exemplum,
1102 707 1164 738 quo
1196 696 1361 728 affectione

205 752 341 794 quadam
364 751 414 782 vel
437 750 565 788 affectu,
597 750 649 791 qui
672 750 848 782 honestatis
880 762 1008 782 sensum
1038 751 1129 783 nobis
1153 752 1359 789 abstulerunt,

203 807 329 848 impulsi
360 806 462 848 turpia
498 811 530 838 et
560 805 689 837 crimina
718 807 955 838 committimus.
1011 807 1177 849 Ejusmodi
1207 807 1360 845 actiones,

204 874 282 905 quas
306 863 385 894 infra
409 864 446 903 (c.
467 863 497 900 2,
523 863 551 903 ξ.
570 862 600 901 2)
627 859 663 893 ταὶ
688 862 817 904 ἐξαίφνης
841 863 994 901 nominat,
1020 874 1148 904 prorsus
1165 868 1360 904 spontaneae

204 923 294 958 sunt;
318 919 520 950 continentur
537 918 621 949 enim
637 917 812 959 ignorantia
828 919 918 960 juris,
943 929 1007 950 non
1023 919 1107 950 facti.
1146 919 1245 950 Paulo
1262 918 1360 960 magis

204 980 309 1006 tamen
333 974 537 1014 imputandae
569 978 643 1004 sunt
671 984 726 1005 eae
757 979 864 1015 turpes
889 974 1049 1012 actiones,
1079 986 1174 1016 quas,
1205 974 1290 1005 nullo
1314 974 1359 1005 af-

204 1031 288 1062 fectu
311 1031 466 1061 rationem
490 1028 652 1067 turbante,
677 1029 918 1070 perfecerimus,
949 1030 1023 1072 quid
1047 1030 1165 1061 bonum
1189 1035 1221 1061 et
1238 1031 1361 1071 justum

204 1086 245 1116 sit
268 1097 307 1117 ne
332 1085 436 1126 quieta
460 1085 586 1126 quidem
605 1090 711 1116 mente
732 1085 916 1126 conspicati.
942 1104 980 1107 —
1006 1083 1055 1116 ὁίά
1079 1099 1105 1116 τι
1130 1085 1182 1116 τῶν
1205 1085 1359 1127 εἰρημένων)

204 1142 429 1183 paraphrastes
459 1146 560 1172 recte:
597 1137 673 1172 εἶλλεῖ
705 1138 753 1171 &rai
784 1137 882 1181 ἡὸσνὴν
913 1136 932 1181 ἢ
956 1134 1029 1172 ἄλλο
1062 1154 1086 1172 τι
1117 1143 1205 1178 ποιεῖ,
1237 1134 1252 1172 ὃ
1277 1143 1359 1172 ποιεῖ.

203 1198 292 1228 Haec
315 1202 364 1228 est
387 1197 483 1228 etiam
503 1207 613 1233 causa,
638 1207 692 1227 cur
715 1202 910 1237 spontaneae
936 1197 1002 1227 sint
1025 1197 1178 1238 ejusmodi
1202 1197 1358 1236 actiones;

198 1253 339 1295 jucunda
369 1252 453 1284 enim
485 1257 559 1283 sunt
590 1256 765 1292 spontanea
796 1252 841 1292 (ξ.
867 1252 935 1292 11).
983 1252 1141 1293 interpres
1170 1263 1300 1293 graecus
1327 1257 1360 1284 et

205 1309 340 1340 Garvius
371 1308 452 1339 male
483 1309 651 1339 ebrietatem
681 1313 714 1338 et
745 1309 936 1339 iracundiam
968 1319 985 1339 e
1017 1308 1280 1349 praecedentibus
1310 1307 1358 1339 in-

203 1365 355 1405 telligunt.
402 1364 485 1394 Nam
509 1363 536 1394 si
558 1363 692 1394 ebrietas
716 1368 748 1394 et
763 1363 921 1395 iracundia
938 1369 1047 1395 essent
1061 1363 1230 1405 praecipua
1245 1363 1356 1405 agendi

203 1432 313 1458 causa,
345 1425 412 1450 tum
444 1429 519 1450 sane
550 1419 650 1459 ipsam
682 1419 753 1450 facti
782 1419 990 1461 ignorantiam
1014 1419 1240 1460 producerent,
1277 1429 1356 1461 quae

203 1482 289 1507 esset
319 1475 506 1517 principium
535 1476 672 1514 culpo-eae
702 1475 844 1506 actionis.
892 1475 957 1506 Sed
988 1475 1165 1516 ignorantia
1190 1474 1269 1516 juris
1298 1475 1359 1506 hoc

202 1533 273 1563 loco
297 1536 346 1562 est
368 1530 555 1572 principium
579 1529 707 1571 agendi,
739 1541 810 1561 cum
834 1530 1007 1572 voluptatis
1038 1530 1087 1562 vel
1110 1530 1281 1562 ulciscendi
1304 1541 1358 1562 eu-

203 1588 276 1628 pido
301 1598 356 1628 per
378 1586 577 1618 occasionem
600 1585 761 1617 ebrietatis
791 1590 824 1617 et
852 1586 1032 1618 iracundiae
1062 1586 1279 1618 vehementius
1303 1597 1360 1617 ex-

203 1644 370 1674 ardescens
387 1642 562 1673 honestatis
579 1652 708 1674 sensum
721 1642 863 1673 offuscet.
887 1642 1116 1683 Paraphrastes
1133 1642 1212 1673 male
1226 1641 1359 1673 ebrieta-

203 1705 266 1730 tem
292 1703 324 1729 et
343 1698 535 1730 iracundiam
553 1709 605 1729 eas
622 1698 707 1739 ipsas
724 1697 864 1729 actiones
882 1708 963 1736 esse,
991 1709 1070 1739 quas
1088 1694 1243 1738 ἀγνοοῦντες
1258 1698 1360 1729 facere

203 1754 359 1791 dicamur,
395 1759 427 1784 ct
458 1754 602 1795 exemplo
632 1753 671 1785 ab
700 1753 870 1785 Aristotele
902 1754 985 1785 inter
1016 1759 1118 1785 cetera
1150 1753 1258 1784 allatas
1289 1763 1359 1784 esse

202 1815 310 1851 putat:
347 1807 393 1840 καὶ
417 1811 471 1849 γάρ
504 1806 536 1840 τὸ
568 1806 718 1849 εἷγνεεῗῖντα
750 1807 882 1849 πράττειν
916 1807 1005 1846 ἐστὶν,
1042 1807 1109 1840 ἐπάν
1140 1822 1177 1846 τις
1202 1806 1358 1849 ὄργι’ζηται,

204 1861 221 1906 ἦ
244 1862 348 1908 μεὲντῖῃ,
373 1860 391 1904 ἢ
414 1857 503 1905 ἄλλην
528 1862 587 1895 ruzi
613 1866 681 1908 ποιῇ
704 1865 845 1906 πονηρίαν.
894 1865 958 1896 Sed
983 1876 1054 1896 cum
1071 1864 1258 1896 Aristoteles
1281 1864 1357 1896 velit

203 1921 393 1962 distinguere
423 1920 630 1961 ignorantiam
663 1921 742 1961 juris
782 1927 814 1952 et
848 1920 1054 1962 ignorantiam
1087 1921 1177 1958 facti,
1213 1919 1358 1961 exempla

203 1978 362 2008 actionum
388 1976 486 2013 affert,
511 1975 541 2006 in
568 1975 678 2017 quibus
701 1976 834 2008 dubitari
858 1977 970 2018 possit,
995 1981 1098 2008 utrum
1124 1976 1278 2018 quaedam
1302 1986 1356 2007 ex-

203 2039 310 2064 ternae
340 2043 452 2064 causae
477 2031 645 2071 (ebrietas,
669 2032 729 2071 ira)
755 2033 960 2074 ignorantiam
986 2032 1082 2074 juris,
1118 2043 1156 2063 an
1189 2031 1261 2063 facti
1285 2041 1357 2072 pro-

203 2088 356 2120 duxerint.
404 2088 485 2120 Sunt
515 2087 642 2129 quidem
674 2087 742 2128 ipsa
773 2088 907 2120 ebrietas
939 2094 972 2120 et
1001 2087 1177 2125 iracundia,
1209 2092 1245 2118 ut
1272 2086 1356 2125 vitia,

204 2155 258 2183 per
282 2155 314 2175 se
340 2144 430 2175 maia.
479 2143 542 2176 Sed
567 2144 605 2174 de
629 2144 686 2175 hae
711 2143 827 2175 malitia
847 2145 877 2175 in
895 2144 1085 2181 universum,
1110 2153 1189 2184 quae
1212 2153 1249 2174 ex
1266 2142 1356 2183 igno·
